4314 6058
524 829 584 890 sed
1040 831 1146 891 ericus
1168 843 1422 891 rusrvrvcvrvvrs.

521 955 810 1024 nostramultimnm
823 959 1011 1026 voluntatem
1023 977 1078 1026 seu
1091 961 1326 1043 dispositionem
1337 957 1507 1024 veniravel
1518 959 1726 1022 contradicere
1740 973 1936 1040 presumpse-

522 1054 571 1132 rit,
585 1055 611 1118 si
629 1055 704 1136 quid
724 1056 753 1120 ei
771 1055 939 1136 legavimus
962 1057 1011 1122 vel
1026 1055 1241 1139 relinquimus,
1260 1055 1339 1120 illuvl
1360 1055 1420 1120 sibi
1434 1054 1645 1120 submolvimus
1662 1061 1695 1118 at
1709 1056 1888 1131 adimimus,
1907 1063 1936 1120 et
1985 1061 1989 1068 '

519 1150 626 1218 heredi
638 1157 741 1216 nostro
753 1153 878 1218 domino
890 1155 989 1218 ihesu
1002 1154 1124 1218 Christo
1134 1151 1268 1220 totaliter
1281 1151 1482 1234 applicamus.
1499 1153 1587 1216 Hanc
1600 1157 1704 1218 antem
1717 1157 1855 1216 nostram
1868 1153 1935 1216 ulti-

519 1263 603 1314 mam
613 1247 799 1312 voluntatem
809 1265 862 1313 seu
876 1249 1109 1330 dispositionem
1121 1247 1218 1316 solam
1228 1255 1259 1314 et
1271 1250 1395 1314 unicam
1405 1248 1548 1313 volumus
1560 1247 1661 1312 valere
1675 1249 1748 1328 jure
1765 1251 1934 1313 testamenti

517 1345 551 1408 iu
565 1345 703 1426 scriptis;
717 1346 782 1410 etsi
797 1361 859 1409 non
876 1345 992 1410 valeret
1009 1349 1079 1426 jure
1093 1348 1266 1410 testamenti
1278 1347 1311 1410 in
1329 1347 1463 1426 scriptis,
1480 1345 1624 1409 volumus
1641 1345 1725 1426 quod
1745 1343 1848 1410 valeat
1866 1343 1934 1425 iure

517 1441 689 1506 testamenii
701 1441 915 1522 nuncupativi;
931 1447 962 1505 et
972 1441 998 1504 si
1009 1457 1072 1504 non
1081 1443 1194 1506 valeret
1204 1443 1274 1522 jure
1287 1441 1460 1506 testamenti
1472 1441 1682 1522 nuncupativi,
1693 1439 1837 1506 volomus
1853 1442 1932 1522 quod

516 1537 614 1600 valeat
632 1538 703 1616 jure
723 1537 934 1602 codicillorum
958 1535 1007 1600 vel
1028 1538 1097 1616 jure
1124 1535 1289 1617 cujuslibet
1315 1535 1423 1600 ultima
1451 1535 1617 1600 voluntatis
1651 1553 1706 1602 sau
1729 1537 1932 1620 dispositionis

514 1639 663 1706 extreme,
690 1647 751 1712 quo
764 1631 876 1696 melius
900 1631 1002 1696 valere
1028 1633 1156 1713 poterim
1180 1639 1212 1697 et
1228 1633 1255 1696 si
1277 1647 1341 1696 uon
1360 1629 1660 1696 valerotsecnndum
1674 1629 1768 1712 leges,
1782 1633 1930 1698 vvoluimus

516 1729 597 1808 quod
610 1729 709 1792 valeat
718 1729 888 1792 meandum
900 1730 1063 1794 canonicas
1076 1729 1260 1792 mustiones.
1272 1729 1370 1808 Igitur
1381 1729 1407 1792 si
1418 1727 1511 1792 allam
1522 1729 1660 1810 adquam
1672 1727 1816 1794 ultimam
1829 1728 1929 1796 volun

516 1831 608 1886 totam
622 1825 750 1888 iacimus
763 1825 811 1888 vel
829 1823 1023 1888 condidimus
1041 1839 1096 1888 seu
1116 1823 1324 1888 ordinavimus
1337 1825 1460 1904 scriptis
1479 1823 1525 1888 vel
1546 1826 1616 1890 sine
1628 1826 1761 1906 scriptis,
1781 1841 1837 1906 por
1853 1827 1928 1892 banc

515 1925 687 2002 presentem
704 1917 802 1982 solam
822 1924 853 1984 et
870 1919 994 1983 unicam
1007 1917 1054 1982 illi
1075 1919 1217 1984 volumus
1237 1920 1358 1999 penitus
1380 1919 1531 1999 derogari,
1555 1921 1649 1984 istem
1666 1920 1767 1986 valere
1784 1929 1817 1986 et
1833 1923 1927 2004 ipsam

515 2015 618 2090 aliem,
631 2017 657 2078 si
672 2031 733 2096 qua
751 2021 807 2090 est,
821 2015 948 2078 omnino
962 2031 1067 2080 cerere
1082 2015 1200 2080 viribus
1216 2019 1249 2080 et
1260 2015 1371 2079 valore.
1392 2017 1549 2095 Rogamus
1567 2022 1660 2080 testes
1674 2026 1833 2098 presentes
1850 2021 1926 2100 qued

514 2111 650 2192 sigillent
659 2118 690 2176 et
703 2111 897 2174 subscribant
908 2110 981 2174 huic
995 2109 1104 2190 pagine
1120 2111 1306 2174 testamenti.
1322 2109 1412 2190 apud
1425 2114 1547 2176 Fratres
1558 2113 1692 2176 itineres
1712 2115 1927 2193 Lugdunenses

513 2206 705 2290 sepulturam
717 2213 853 2270 noemam
864 2205 1008 2269 duximus
1022 2204 1205 2284 eligendam.
1218 2207 1330 2270 Datum
1344 2213 1497 2286 utsupra.

552 2308 614 2368 Nos
634 2302 825 2382 Arnulplnus,
840 2302 971 2366 decanus
985 2300 1208 2382 Lugdunensis,
1227 2307 1363 2378 testator,
1378 2308 1505 2368 testatus
1519 2304 1564 2368 lui
1584 2312 1617 2369 et
1629 2305 1771 2386 sigillavi,
1787 2313 1818 2372 et
1839 2313 1925 2372 testes

515 2403 619 2482 rogavi
632 2407 666 2464 ut
677 2398 857 2479 sigillarent.

550 2501 615 2578 ligo
629 2499 722 2560 irater
735 2499 842 2560 Petrus
858 2493 897 2558 de
916 2493 1055 2560 Montilio
1069 2495 1107 2560 de
1120 2493 1228 2560 ordine
1250 2495 1417 2569 minorum,
1436 2499 1562 2574 rogatus
1577 2511 1597 2558 a
1614 2501 1770 2573 tesmtore,
1790 2499 1921 2575 interlui,

510 2593 684 2676 sigillaviet
695 2593 875 2673 subscripsi.

549 2693 614 2770 ligo
629 2690 731 2753 Berlin
752 2689 879 2764 d'lllins,
900 2688 999 2762 milas,
1015 2693 1170 2766 rogatusa
1186 2691 1339 2763 testatore,
1355 2685 1491 2760 interlui,
1504 2684 1607 2766 sigillo
1620 2687 1739 2754 domini
1752 2688 1920 2766 duillelmi,

509 2786 650 2864 magistri
665 2785 752 2849 chori
764 2785 985 2862 Lugdunensis,
999 2785 1129 2864 sigillavi
1143 2790 1174 2847 et
1188 2783 1374 2864 subscripsi.

551 2883 616 2960 ligo
634 2881 791 2944 iohannes
809 2879 847 2942 da
868 2883 957 2956 liner,
973 2881 1163 2944 senescalcus
1183 2879 1334 2944 refectorii
1348 2879 1570 3020 Lugdunensis,
1595 2888 1753 2962 rogatusa
1771 2889 1920 2959 mssamm,

509 2976 645 3050 interlui,
659 2973 791 3053 sigillavi
805 2981 835 3037 et
848 2974 1025 3055 subscripsi.

548 3058 613 3150 Eg'o
628 3067 968 3134 GuillelmusPellaters
970 3075 1114 3150 ,rogatus
1127 3074 1308 3146 atestetore,
1322 3071 1458 3150 interlui,
1475 3013 1606 3152 sigillavi
1620 3074 1842 3156 etsubscripsi.
2014 3143 2018 3149 ,

548 3163 947 3230 NosGuillelmuscriueuz
951 3167 1212 3246 ,magistercbori
1224 3167 1447 3248 Lugdunensis,
1457 3175 1773 3250 rogatusatostatore,
1785 3172 1918 3247 interlui,

509 3261 682 3340 sigillaria
697 3261 876 3341 subscripsi.

547 3359 612 3437 Ego
629 3353 719 3420 Falco
733 3355 771 3420 do
790 3359 879 3436 Rupe
893 3357 985 3431 Forti,
1004 3358 1169 3422 canonicus
1187 3357 1412 3438 Lugdunensis,
1429 3365 1556 3440 rogetus
1578 3367 1765 3439 amstetore,
1780 3364 1914 3440 interlui,

507 3453 638 3533 sigillavi
655 3451 757 3532 sigillo
774 3455 809 3515 Β.
833 3453 991 3526 maburti,
1007 3455 1203 3520 concanonici
1221 3455 1443 3534 Lugdunensis,
1462 3457 1536 3538 quie
1552 3457 1688 3540 sigillum
1704 3472 1811 3525 meum
1828 3475 1920 3542 pares

508 3567 557 3614 me
572 3567 633 3612 non
647 3550 811 3624 habebam,
823 3553 853 3612 at
867 3549 1045 3629 subscripsi.

547 3649 611 3727 Ego
625 3645 859 3710 bartholomeus
878 3648 1037 3723 Richardi,
1052 3649 1216 3714 cononicus
1238 3649 1460 3730 Lugdunensis,
1476 3657 1601 3731 rogatus
1615 3669 1634 3716 a
1648 3658 1801 3727 testatore,
1822 3652 1920 3716 inter·

507 3741 562 3818 lui,
579 3739 710 3822 sigillavi
724 3742 945 3822 etsubscripsi.

772 3847 942 3933 (original.
957 3845 1157 3916 -ircttoes
1178 3849 1222 3915 du
1244 3848 1366 3924 Mena,
1391 3849 1534 3916 Amnoirc
1556 3858 1652 3937 Aper,
1681 3849 1802 3918 volume
1827 3859 1877 3926 μ’,

841 3943 928 4028 pisce
941 3957 979 4010 πο
993 3947 1059 4024 20.)

331 4389 336 4410 .
387 4367 388 4370 ¹
506 4315 668 4420 Quittcoce
687 4359 750 4425 por
770 4339 797 4405 lc
820 4341 922 4424 degeo
943 4345 972 4405 et
990 4337 1018 4404 le
1037 4336 1180 4424 adoptare
1202 4339 1239 4404 de
1264 4337 1383 4424 l'e'plt'ee
1406 4339 1661 4425 metropolitains
1680 4341 1717 4406 de
1738 4349 1842 4426 Lpoo,
1865 4341 1921 4407 dcv

544 4455 677 4504 cometes
695 4437 814 4524 le'poe'cs
831 4455 895 4521 por
913 4435 1034 4502 lie'rord
1052 4437 1170 4512 d'Acre,
1189 4455 1274 4519 pour
1294 4437 1327 4502 lo
1341 4437 1515 4519 fondatione
1530 4435 1567 4503 dc
1585 4434 1666 4504 deoc
1685 4439 1920 4518 consecrauit-co

462 4537 464 4541 ’
544 4545 573 4600 ct
594 4535 672 4600 d’tvvv
690 4531 776 4602 autel
798 4531 880 4598 dom
900 4529 1017 4616 l'dplv'se
1036 4533 1235 4598 sotor-iecra.

1101 4663 1225 4728 lanvier
1240 4665 1329 4728 libi.

545 4799 608 4863 llos
621 4795 793 4876 Antelmus,
809 4771 952 4876 decanus,
968 4804 999 4864 et
1012 4795 1181 4881 capitulum
1194 4796 1294 4879 prime
1306 4795 1519 4876 Lugdunensis
1531 4799 1659 4864 ecclesie
1670 4807 1777 4864 notum
1790 4801 1920 4866 iacimus

504 4895 657 4962 universis
676 4903 830 4976 presentes
850 4895 966 4960 litteras
986 4896 1169 4976 inspecturis
1189 4893 1272 4976 quod
1294 4893 1467 4976 Stephanus
1490 4893 1570 4972 Albi,
1597 4897 1670 4960 civis
1690 4895 1917 4976 Lugdunensis,

504 4991 595 5066 solvit
608 4993 696 5064 nobis
710 4999 740 5058 et
753 4995 871 5078 integre
889 4993 1061 5063 numeravit
1073 4991 1198 5060 nemim
1211 4989 1338 5058 ecclesia
1353 4997 1455 5062 nosue
1469 4991 1507 5061 de
1518 4993 1664 5058 mandato
1674 5001 1789 5070 nostro,
1808 4991 1920 5058 videli-
