4314 6058
998 841 1108 910 prices
1131 853 1385 902 rusrvrvcsrvvns.

1160 1085 1212 1144 40

483 1238 574 1304 Prisc
593 1257 632 1302 en
650 1237 711 1322 fies
723 1239 767 1306 du
790 1237 938 1327 deponet
959 1241 1003 1307 dc
1021 1237 1163 1325 cltcpitrc
1187 1239 1224 1304 dc
1246 1237 1363 1324 t'e'glc'se
1387 1235 1643 1322 metropolitains
1661 1239 1699 1303 dc
1717 1243 1817 1324 Lync,
1835 1255 1907 1320 pur

524 1339 649 1420 Harpasa
663 1335 700 1401 dc
713 1339 830 1414 Marad,
852 1337 1045 1412 dumnissum,
1062 1335 1099 1402 de
1117 1345 1185 1402 tom
1204 1357 1237 1402 cc
1251 1333 1331 1422 pc'c'l
1346 1333 1511 1420 possc'dcit
1526 1327 1612 1400 entre
1630 1330 1765 1420 Gltczep,
1783 1330 1811 1400 lc
1828 1353 1903 1399 mus

522 1429 707 1510 d'iluurzcu,
724 1431 875 1512 Bclncont,
891 1434 1052 1520 inungue
1066 1440 1095 1498 ct
1109 1429 1265 1518 Marcillp.

998 1631 1004 1643 ,
1081 1567 1187 1631 tuittet
1206 1567 1294 1630 lili.

522 1695 677 1760 Universio
692 1699 805 1764 Christi
819 1699 963 1764 fidelibus
976 1707 1131 1781 presentes
1146 1697 1263 1764 litteras
1281 1699 1476 1779 inspecturis,
1493 1701 1542 1772 B.,
1563 1693 1704 1762 officialis
1716 1696 1801 1760 curie
1814 1697 1899 1776 Lng-

481 1792 639 1868 dunensis,
651 1795 694 1857 rui
706 1803 788 1874 geste
798 1797 943 1860 noticiam
953 1813 1024 1860 cum
1035 1796 1146 1860 saluto.
1156 1795 1350 1860 Universitati
1361 1801 1460 1858 vestre
1469 1795 1597 1858 iacimus
1606 1793 1804 1858 manifestum
1813 1791 1897 1874 quod

480 1891 571 1969 ilugo
590 1890 628 1952 de
645 1893 779 1968 Maraeu,
799 1891 988 1970 domicellus,
1009 1893 1042 1954 iu
1061 1897 1167 1955 nostra
1183 1893 1338 1972 presentie
1355 1891 1549 1967 constitutus,
1566 1878 1722 1972 prudeus,
1748 1887 1846 1952 sciens
1864 1886 1898 1950 ct

479 1992 646 2065 spontanea
659 1988 824 2064 voluntate,
841 1987 947 2052 habito
965 1987 1104 2068 diligenti
1117 1993 1257 2064 macuto,
1278 1989 1394 2068 recepit
1411 1987 1444 2052 in
1457 1987 1585 2050 laudum
1604 2003 1624 2049 a
1641 1985 1766 2049 domium
1779 1982 1897 2047 druul-

478 2081 552 2161 pho,
569 2080 695 2160 decano,
711 2091 741 2148 at
756 2085 889 2166 capinrlo
905 2085 1105 2166 Lugdunensi
1122 2084 1270 2166 quicquid
1292 2085 1434 2161 habebat,
1450 2086 1572 2148 tonabat
1588 2089 1620 2147 et
1636 2082 1819 2164 possidebat,
1843 2077 1893 2144 vel

478 2177 577 2256 qnasi,
601 2193 657 2258 per
670 2197 703 2243 se
716 2177 763 2244 vel
783 2197 838 2261 per
852 2181 958 2258 alivum,
975 2179 1024 2246 vel
1045 2179 1125 2244 alius
1139 2181 1178 2244 ab
1194 2197 1232 2244 eo
1246 2181 1278 2244 in
1290 2181 1427 2256 feudum,
1443 2178 1491 2245 vel
1507 2179 1569 2244 elio
1590 2179 1692 2257 modo,
1709 2197 1728 2243 a
1750 2179 1891 2253 chanuto,

478 2269 570 2353 prout
585 2273 682 2338 tendit
701 2281 784 2340 recta
795 2275 846 2340 via
862 2290 888 2340 a*
899 2277 1030 2341 Chaseto
1044 2291 1148 2340 versus
1165 2277 1315 2355 charnay,
1334 2276 1485 2357 usquead
1500 2277 1625 2340 trivium
1649 2275 1687 2339 de
1698 2275 1846 2350 Avarueu,
1862 2281 1894 2337 et

476 2373 575 2434 tonum
585 2383 723 2434 messum
734 2371 772 2436 de
789 2371 927 2437 Avarzeu
939 2389 1011 2438 cum
1032 2374 1097 2437 suis
1110 2373 1298 2454 appendiciis
1311 2373 1475 2448 universis,
1488 2379 1520 2436 et
1534 2379 1626 2452 prout
1636 2373 1732 2436 tendit
1746 2377 1830 2436 recta
1842 2371 1894 2434 via

475 2483 495 2530 a
509 2467 596 2532 trivio
610 2467 649 2532 de
659 2467 795 2532 Avarzau
813 2469 966 2550 usquead
984 2467 1137 2546 Belmout,
1152 2475 1184 2533 et
1199 2483 1296 2550 usqne
1311 2469 1351 2532 ad
1369 2475 1493 2550 penum
1511 2469 1549 2545 de
1568 2470 1695 2534 Duobus
1715 2469 1813 2544 Rivis,
1829 2473 1893 2532 cta

474 2562 555 2627 dicto
572 2571 664 2643 ponte
681 2564 719 2629 dc
735 2566 861 2630 nunnus
881 2565 976 2642 Rivis,
1000 2571 1091 2646 prout
1109 2565 1192 2628 vadit
1211 2581 1292 2645 aqua
1311 2564 1349 2628 da
1362 2563 1482 2643 Asalgo,
1503 2565 1657 2644 usquead
1680 2563 1840 2628 lietuillau
1861 2569 1892 2627 ct

475 2675 575 2742 usgue
592 2660 631 2724 ad
647 2661 820 2738 cheseium,
833 2669 863 2726 ct
875 2679 896 2725 a
908 2651 1067 2727 Marcilleu
1081 2677 1179 2742 usqua
1196 2661 1237 2726 ad
1249 2662 1471 2726 monasterium
1484 2661 1522 2724 de
1537 2661 1663 2726 Duobus
1677 2661 1774 2738 Rivis,
1789 2660 1822 2724 in
1835 2659 1890 2724 illa

473 2760 561 2836 purte
573 2756 607 2819 in
626 2763 747 2836 quaest
763 2759 899 2822 Sivreuz.
915 2759 1068 2838 Quicquid
1080 2764 1183 2823 autem
1198 2759 1280 2820 inira
1302 2757 1398 2822 dictos
1412 2757 1559 2822 terminos
1580 2757 1678 2821 dictim
1701 2757 1793 2838 Hugn
1805 2761 1890 2820 tenet

406 2929 408 2933 ι
473 2857 504 2914 ot
518 2851 664 2932 possidet,
678 2852 725 2916 vel
744 2854 841 2932 quasi,
862 2869 918 2934 per
931 2851 1019 2918 saval
1034 2871 1088 2934 per
1104 2851 1211 2930 alium,
1228 2853 1344 2934 accepit
1353 2855 1386 2919 in
1405 2853 1687 2918 landumadecauo
1708 2860 1740 2918 et
1753 2849 1887 2934 capitulo

473 2947 668 3028 supradictis,
679 2947 793 3012 eisdam
811 2949 925 3012 taciens
938 2955 970 3012 et
983 2949 1092 3028 jurans
1105 2949 1283 3014 fidelitatem
1297 2955 1328 3014 et
1343 2949 1523 3030 homagium
1533 2965 1590 3030 pro
1599 2966 1632 3012 se
1642 2955 1672 3012 at
1685 2950 1750 3014 suis
1763 2951 1797 3012 in
1810 2963 1886 3032 per-

472 3049 602 3124 petuum
622 3043 753 3107 fideliter
777 3043 1011 3108 obseruandum.
1035 3044 1178 3108 Promisit
1190 3045 1283 3109 etiam
1304 3059 1361 3124 per
1378 3045 1589 3124 jurameutum
1602 3060 1696 3126 super
1713 3050 1816 3109 sancta
1829 3044 1885 3108 Dei

472 3135 653 3218 euvangelio
663 3135 861 3218 corporaliter
879 3139 1040 3218 prestitum
1053 3138 1152 3202 dictus
1169 3138 1350 3204 domicellus
1364 3140 1509 3220 predictis
1522 3141 1638 3204 decano
1655 3145 1686 3203 et
1708 3138 1841 3220 capitulo
1854 3155 1888 3202 se

471 3238 578 3297 contra
591 3233 739 3314 premissa
752 3233 801 3297 vel
817 3233 920 3314 aliquo
934 3234 972 3298 de
986 3233 1143 3315 premissis
1157 3250 1212 3316 par
1225 3251 1259 3299 se
1278 3236 1327 3300 vel
1342 3251 1396 3316 per
1410 3234 1506 3298 alium
1524 3235 1719 3316 aliquatenus
1736 3235 1774 3299 da
1784 3241 1886 3299 cataro

471 3344 536 3394 nou
550 3335 724 3395 venturum.
742 3331 820 3394 Dicti
841 3329 994 3410 siquidem
1018 3330 1151 3396 decanus
1171 3337 1201 3394 et
1219 3331 1389 3412 capitulum
1408 3329 1560 3397 dederuut
1577 3337 1607 3396 st
1624 3332 1781 3396 solverunt
1802 3332 1884 3395 dicto

471 3426 609 3506 diogeni,
622 3425 797 3503 domicello,
808 3443 865 3507 pro
879 3425 960 3490 dicta
973 3428 1147 3510 receptione
1159 3426 1284 3492 ieudiet
1298 3444 1353 3508 pro
1368 3427 1450 3492 dicto
1463 3429 1606 3515 homagio
1616 3435 1648 3491 at
1660 3427 1803 3492 fidelitate
1812 3427 1885 3491 inda

470 3535 489 3583 a
507 3519 588 3585 dictu
600 3523 731 3602 Hugone
743 3522 829 3586 iactis
844 3521 959 3585 decano
971 3529 1001 3586 et
1017 3521 1151 3604 capitulo
1168 3523 1361 3604 supradictis,
1375 3525 1484 3604 viginti
1505 3525 1599 3590 libras
1615 3525 1742 3590 tortium
1760 3524 1888 3604 Lugdu-

469 3617 614 3682 neusium
626 3617 751 3681 uomina
763 3617 889 3682 ecclesie
899 3615 1124 3696 Lugdunensis,
1138 3617 1176 3682 de
1186 3619 1298 3698 quibus
1308 3619 1408 3684 dictus
1421 3617 1602 3686 domicellus
1614 3637 1648 3684 se
1661 3621 1770 3685 habuit
1782 3635 1885 3685 coram

469 3713 559 3778 nobis
572 3711 709 3794 plenarie
726 3728 783 3794 pro
800 3719 926 3793 pugnum
942 3715 1127 3778 renuncians
1141 3713 1173 3777 in
1187 3713 1247 3780 hoc
1264 3717 1354 3791 lacto,
1365 3731 1404 3780 eu
1414 3723 1498 3780 certa
1511 3717 1641 3782 sciencia
1651 3723 1681 3780 at
1692 3717 1751 3782 sub
1762 3715 1884 3780 vinculo

470 3807 591 3889 prestiti
603 3807 771 3887 juramenti
785 3823 841 3888 pro
858 3823 890 3870 se
909 3813 939 3872 et
953 3809 1017 3872 suis
1030 3809 1201 3890 exceptioni
1220 3825 1282 3874 nou
1294 3817 1453 3876 numerate
1464 3813 1593 3892 pecunia
1603 3817 1633 3876 et
1646 3827 1708 3876 uon
1723 3812 1835 3888 laabim,
1852 3817 1882 3876 at

435 3893 438 3916 '
468 3919 615 3984 expresse
628 3901 775 3966 beneflcio
789 3904 916 3968 minoris
927 3905 1026 3980 stads,
1041 3909 1072 3968 et
1090 3905 1175 3970 omni
1185 3904 1249 3984 iuri
1268 3906 1423 3987 scriptoet
1436 3923 1497 3972 nnn
1514 3909 1627 3988 scripte
1640 3913 1670 3971 et
1686 3907 1884 3974 consuctudi-

467 4000 568 4076 uaric,
583 3997 734 4079 singulari
747 4005 778 4062 et
787 3997 934 4080 generali,
946 3991 1141 4080 promulgato
1155 4005 1187 4065 et
1198 4001 1433 4082 promulgando,
1450 4003 1534 4083 quod
1549 4004 1608 4070 sihi
1621 4001 1668 4067 vel
1683 4003 1758 4078 suis,
1778 4009 1885 4068 contra

467 4093 630 4164 aeclesiam
651 4095 898 4176 Lugdunensem,
922 4095 962 4158 ad
984 4097 1189 4162 revocandum
1201 4113 1241 4161 ea
1259 4114 1319 4180 qua
1332 4115 1425 4180 supra
1448 4099 1529 4164 dicta
1552 4107 1624 4164 suut
1641 4101 1689 4164 vel
1708 4100 1824 4181 aliquid
1843 4099 1883 4164 dc

466 4191 635 4275 premissis,
651 4189 685 4255 in
699 4196 857 4272 posterum
879 4197 981 4272 posset
997 4193 1090 4256 modo
1108 4190 1212 4274 sliquo
1234 4200 1407 4276 competere
1427 4193 1473 4258 vel
1494 4195 1649 4278 prodesse.
1674 4199 1712 4261 in
1727 4198 1815 4278 cujus
1837 4197 1881 4260 rei

466 4287 688 4363 teedmonium,
704 4303 760 4351 uos
774 4287 873 4352 dictus
882 4283 1032 4364 officialis,
1048 4289 1088 4352 ad
1101 4305 1206 4370 preces
1218 4295 1249 4354 ct
1259 4289 1435 4355 instantiam
1451 4291 1577 4371 predicti
1588 4293 1739 4372 lingonis,
1753 4307 1882 4374 presen-

466 4389 530 4448 tcm
544 4389 660 4448 cartam
673 4381 757 4447 hulle
768 4385 927 4448 reverendi
938 4385 1033 4464 patris
1046 4391 1076 4448 et
1087 4385 1205 4452 domiui
1219 4385 1288 4467 Ay,
1305 4387 1361 4452 liai
1375 4387 1474 4468 gratia
1486 4388 1697 4468 Lugdunensis
1709 4387 1883 4468 archiepis-

466 4479 547 4561 copi,
561 4480 734 4544 munimine
752 4481 897 4544 duuimus
914 4481 1129 4546 roborandam.
1146 4481 1256 4546 Actum
1270 4499 1350 4547 anno
1369 4483 1492 4548 Domini
1503 4485 1549 4548 ld·
1566 4485 1626 4548 CC·
1645 4483 1882 4564 quauagesimo

468 4573 614 4651 munde,
629 4589 737 4639 meme
747 4574 829 4653 julii.

816 4677 986 4840 (Oringul.
997 4715 1037 4728 -
1050 4679 1196 4748 treticus
1208 4680 1253 4746 du
1264 4681 1379 4760 Rldne,
1397 4683 1543 4750 Arntcv'rc
1554 4683 1674 4761 Enoch,
1691 4683 1811 4749 colunes
1825 4685 1879 4759 ³2,

886 4795 913 4862 p
939 4792 1020 4841 cccv
1037 4783 1080 4858 t.)
