4314 6058
455 847 461 858 ·
499 837 554 897 itti
1012 835 1117 894 orions
1140 843 1393 906 susrrrrcanrns.

496 969 659 1049 apostolice
678 967 756 1031 sedis
777 967 902 1047 legatus,
920 967 1013 1046 idque
1027 965 1128 1045 sigillo
1146 981 1203 1028 suo
1222 963 1415 1028 continuavit
1432 967 1461 1026 et
1483 959 1700 1024 corroboravit.
1725 962 1852 1022 Factum
1866 967 1911 1022 est

497 1067 555 1128 troc
569 1082 650 1129 anno
664 1065 703 1128 ab
718 1066 927 1128 incarnatione
942 1065 1058 1128 domini
1071 1063 1236 1126 millesimo
1258 1063 1278 1123 C
1294 1060 1447 1124 Lxxliti.

754 1159 947 1240 (cartulaire
965 1159 1142 1225 manuscrit
1169 1157 1315 1240 d'Ac'acy,
1332 1155 1360 1242 [ὕ
1382 1158 1627 1220 caiuma.
1641 1150 1910 1236 -Bc'dliotdlpue

834 1259 870 1322 de
882 1265 979 1343 Lpoc,
997 1256 1159 1323 collection
1178 1259 1277 1330 ccccc,
1292 1265 1330 1352 μῦ
1345 1253 1429 1330 450.)

493 1663 693 1731 ,ῡσὶςίειεηιωιῑ
714 1685 752 1730 eu
769 1667 881 1750 focca-r
907 1668 959 1733 dos
980 1667 1150 1736 cloacinae
1171 1669 1208 1734 dc
1228 1665 1424 1741 Sciat-Paul,
1444 1666 1667 1750 perdoceas,
1689 1661 1746 1746 qui
1764 1673 1811 1748 ,aa
1834 1659 1909 1724 doit

534 1759 620 1835 cbdc',
639 1761 691 1826 dcc
711 1761 813 1828 droits
833 1763 911 1848 qa'it
926 1763 1059 1849 portauit
1084 1764 1177 1846 auoit·
1194 1781 1251 1828 sur
1271 1777 1333 1826 tute
1353 1755 1489 1842 chapelle
1509 1757 1613 1824 dedidc
1634 1757 1655 1822 d
1676 1755 1908 1824 Sciat-Martia

534 1865 562 1919 ct
575 1855 674 1921 citrce'c
683 1857 757 1942 prta
771 1859 807 1923 dc
827 1859 942 1945 t'eptta
959 1861 995 1926 dc
1014 1857 1229 1928 sciat-dead.

1112 1994 1168 2056 XI⁰
1188 1987 1289 2054 siecle.

474 2105 479 2116 ⁶
531 2131 729 2194 sacrosancte
741 2148 776 2194 ac
789 2131 956 2195 venerabili
971 2133 1127 2207 aecclesia,
1140 2139 1269 2212 quaest
1283 2133 1544 2197 constructainira
1557 2146 1664 2194 muros
1677 2127 1807 2202 civitatis
1822 2127 1905 2203 Lug-

380 2263 381 2268 1
491 2225 566 2289 dani
577 2233 607 2289 et
621 2227 653 2290 in
668 2227 786 2291 honore
797 2229 878 2292 beati
890 2230 987 2307 Pauli,
1005 2231 1146 2311 apostoli,
1159 2231 1335 2306 dicctandi
1349 2227 1728 2310 egoRotbertusnomine,
1741 2225 1826 2305 prius
1839 2238 1903 2302 pre

491 2328 595 2385 centor
612 2323 825 2402 Lugdunensis
844 2325 1008 2398 acclesiae,
1025 2341 1107 2389 nunc
1120 2326 1214 2390 abhas
1235 2341 1357 2407 preesse
1368 2325 1481 2401 videor,
1498 2325 1635 2405 cogitans
1650 2337 1756 2386 casum
1771 2320 1905 2382 humane

490 2416 664 2496 tragilitatis
680 2426 853 2499 aterneque
869 2420 1080 2485 retributionis
1095 2421 1252 2501 gaudium,
1266 2420 1340 2485 cedo
1354 2420 1514 2500 ipsiusque
1527 2420 1681 2484 canonicis
1704 2433 1802 2480 unum
1817 2415 1906 2478 curti-

490 2513 551 2576 lem
566 2529 662 2592 prope
681 2515 849 2578 aecclesiam
864 2517 967 2580 Sancti
989 2517 1112 2580 Genesii
1130 2518 1223 2580 situm
1246 2533 1317 2581 cum
1341 2518 1459 2598 capelia
1472 2519 1504 2580 in
1530 2509 1647 2580 honoro
1665 2515 1768 2578 Sancti
1783 2513 1902 2574 itartini

488 2610 603 2684 dicata;
621 2610 753 2690 denique
769 2611 851 2674 huno
868 2613 970 2690 ipsum
984 2611 1126 2676 curtilem
1139 2611 1225 2687 olim,
1242 2613 1422 2689 Candidino,
1440 2611 1636 2692 lugdunensi
1650 2609 1816 2690 proposito,
1833 2607 1902 2668 lau-

490 2705 597 2782 dante,
614 2707 734 2770 Audino
748 2723 888 2788 quoque,
905 2710 1101 2789 corepiscopo
1119 2709 1273 2789 simulque
1291 2709 1384 2788 huius
1399 2709 1529 2774 abbatia
1548 2709 1674 2783 abbate,
1700 2703 1901 2784 supplicante,

487 2803 587 2866 heatae
600 2803 760 2866 memoriae
781 2803 911 2866 domnus
927 2805 1096 2883 Remigius,
1120 2805 1331 2883 Lugdunensis
1351 2805 1610 2885 archiepiscopus,
1637 2817 1776 2883 prosae
1792 2799 1901 2862 anime

486 2895 585 2960 salute
599 2897 631 2959 in
643 2913 766 2960 mensas
780 2897 910 2961 fratrum
920 2899 984 2978 jam
999 2899 1078 2962 dicte
1090 2900 1217 2978 largitus
1231 2905 1276 2961 est
1296 2900 1441 2976 abhadae3
1454 2915 1546 2980 quem
1557 2897 1708 2972 curtilem,
1723 2901 1793 2977 post
1805 2895 1901 2959 multa
2001 2889 2004 2894 ’

487 2995 679 3058 succedentia
696 2999 844 3073 tempora,
859 2994 984 3073 quidam
1002 2997 1092 3074 Hugo
1107 2996 1242 3071 nomine,
1259 2996 1331 3059 huic
1345 2997 1510 3060 succedens
1525 2996 1687 3060 advocatus
1709 2993 1849 3067 abbatiae,
1862 2991 1900 3054 ab

487 3092 584 3172 ipsius
596 3087 742 3153 aeclesia
766 3089 919 3153 canonicis
937 3089 1003 3153 loco
1020 3090 1161 3155 beneficii
1179 3093 1312 3172 accepit;
1334 3107 1426 3171 quem
1443 3093 1565 3172 sequuti
1584 3091 1709 3155 ahbams
1730 3087 1900 3170 permulta

488 3201 640 3249 annorum
653 3183 806 3248 curricula
819 3189 888 3264 post
906 3185 1099 3250 succedentes
1112 3187 1289 3267 usurpativa
1303 3187 1505 3265 successione,
1528 3204 1626 3268 usque
1640 3188 1672 3250 in
1692 3201 1827 3265 presens,
1841 3185 1900 3249 sibi

487 3281 690 3345 vendicarunt
703 3287 835 3360 tempus.
856 3283 951 3345 Porro
963 3297 1020 3361 ego
1032 3281 1097 3362 ipse
1111 3285 1247 3363 prelatus
1266 3285 1443 3362 itotbertus,
1461 3283 1554 3365 hujus
1565 3285 1696 3348 abbatiae
1709 3281 1816 3356 abbas,
1831 3281 1900 3343 ani-

488 3475 600 3552 iujuria
611 3473 776 3553 possidere,
790 3475 939 3537 transiero
951 3473 1035 3538 hunc
1048 3473 1188 3538 curtilem
1201 3492 1220 3538 c
1232 3491 1311 3550 meo,
1325 3475 1446 3556 siquod
1459 3477 1749 3556 estjurcettenore,
1762 3473 1902 3541 benivola

489 3581 519 3635 et
536 3571 675 3636 ultronea
692 3571 855 3636 donatione
867 3571 897 3633 in
919 3571 970 3650 J'us
984 3578 1015 3636 et
1032 3589 1170 3637 mensam
1189 3573 1406 3640 canonicorum
1424 3575 1463 3639 de
1490 3591 1551 3655 qua
1564 3576 1665 3654 agitur
1678 3573 1809 3638 abbatiae
1821 3572 1900 3635 beati

490 3667 587 3732 Pauli.
601 3667 737 3730 Termini
752 3672 853 3728 autem
867 3666 909 3728 hii
927 3673 1017 3730 sunt:
1033 3685 1052 3730 a
1065 3684 1156 3732 mane
1174 3674 1255 3731 terra
1269 3669 1372 3734 Sancti
1386 3669 1484 3746 Pauli,
1505 3667 1619 3733 scilicet
1636 3685 1655 3732 a
1672 3668 1805 3732 claustro
1817 3669 1899 3747 ejus-

491 3765 559 3828 dcnr
572 3763 652 3827 beati
673 3761 759 3826 Pauli
775 3761 807 3823 in
819 3761 1007 3824 revolutione
1021 3763 1140 3828 viarum
1154 3779 1252 3842 usque
1265 3763 1302 3826 ad
1317 3771 1428 3828 terram
1444 3766 1524 3830 beati
1541 3765 1682 3846 Cypriani
1686 3813 1759 3842 ......
1773 3763 1902 3827 emedio

491 3861 540 3924 die
554 3861 602 3922 ria
616 3855 749 3940 publica,
766 3875 784 3919 a
803 3873 871 3920 sero
891 3863 971 3920 terra
984 3859 1086 3922 Sancti
1100 3859 1252 3938 Cypriani,
1269 3859 1393 3924 acircio
1415 3865 1504 3926 Petra
1516 3861 1631 3926 Nativa.
1644 3862 1730 3924 Intra
1748 3859 1807 3922 hos
1826 3861 1901 3923 lines

490 3957 537 4022 rel
551 3954 778 4020 terminationes
793 3953 938 4034 quicquid
956 3955 1017 4018 mei
1040 3945 1213 4018 decessores
1230 3953 1469 4033 vindicaverunt,
1489 3963 1717 4038 usurpaverunt
1735 3955 1782 4020 vel
1802 3955 1903 4036 quali·

490 4071 611 4135 cunque
624 4051 716 4116 modo
726 4049 929 4132 possiderunt,
946 4067 1001 4130 ego
1015 4067 1139 4132 quoque
1152 4068 1309 4117 successor
1321 4069 1439 4128 eorum,
1455 4058 1553 4118 totum
1565 4071 1601 4118 ex
1615 4055 1734 4134 integro
1748 4053 1828 4118 dono
1840 4056 1902 4116 Deo

446 4139 452 4146 ’
489 4160 519 4218 et
532 4155 642 4215 sancto
656 4147 752 4214 Paulo
771 4147 928 4230 ipsiusque
942 4145 1000 4210 loci
1014 4147 1179 4224 canonicis,
1193 4154 1228 4211 ut
1245 4147 1284 4211 ab
1297 4147 1355 4211 hac
1369 4149 1419 4211 die
1432 4155 1464 4211 et
1472 4147 1614 4229 deinceps
1629 4149 1763 4214 habeant
1776 4149 1902 4214 liberam

366 4269 370 4284 ·
490 4255 669 4333 potestatem
682 4246 720 4310 ad
732 4245 904 4310 iaciendum
915 4243 1061 4325 quicquid
1071 4244 1110 4306 de
1120 4243 1178 4307 hac
1188 4261 1221 4308 re
1235 4243 1395 4318 voluerint,
1407 4245 1522 4327 alteque
1532 4245 1625 4308 ullius
1638 4245 1773 4308 hominis
1782 4253 1903 4310 oonua-

489 4345 621 4410 dictione
635 4349 664 4407 et
686 4341 907 4422 inquietudine.
931 4341 1052 4422 Siquis
1074 4333 1147 4404 vero
1168 4347 1274 4405 contra
1297 4339 1376 4404 hanc
1398 4347 1513 4404 cartam
1536 4339 1672 4422 aliquam
1696 4342 1903 4422 calumpniam

489 4441 603 4505 inferre
622 4439 824 4516 temptaverit,
846 4437 1022 4500 nullatenus
1036 4437 1178 4512 vindicet,
1200 4437 1251 4500 sed
1274 4435 1385 4500 inierat
1404 4437 1455 4501 oui
1473 4437 1559 4504 litem
1582 4437 1719 4501 intulerit
1733 4442 1851 4499 tantum
1874 4444 1903 4500 et

489 4533 574 4599 aliud
584 4537 702 4596 tantum
715 4537 863 4611 quantum
875 4531 1008 4612 predicte
1019 4549 1068 4594 res
1081 4549 1117 4594 eo
1129 4537 1265 4612 tempore
1275 4531 1436 4596 meliorato
1447 4531 1608 4610 valuerint,
1620 4539 1649 4598 et
1658 4533 1802 4612 deinceps
1815 4533 1904 4596 ssrma

489 4639 519 4698 ot
544 4627 662 4694 stabilis
686 4634 861 4707 permaneat
881 4643 951 4691 com
972 4625 1166 4708 stipulatione
1188 4627 1329 4691 subnixa.
1353 4629 1482 4706 Signum
1504 4629 1653 4703 Rotherti,
1677 4629 1731 4709 qui
1753 4628 1811 4692 hoc
1836 4629 1904 4693 fieri

385 4779 391 4798 .
491 4727 672 4808 firmarique
686 4723 813 4805 rogavit.

889 4828 1059 4917 (original.
1071 4864 1110 4875 —
1124 4827 1270 4896 uredines
1292 4829 1336 4900 du
1350 4825 1465 4906 uitae,
1483 4829 1580 4902 ,Titrcr
1596 4829 1632 4902 de
1650 4827 1863 4910 Sciat-Paul.)
