4300 6054
499 819 537 876 62
838 829 1003 879 canonius
1025 830 1062 875 nr:
1085 811 1218 876 n'ioursu
1240 828 1278 875 ou
1295 827 1577 876 ¹sion-sununs.

498 946 581 1008 diam
597 952 626 1009 et
643 952 703 1010 tres
717 927 818 1020 bovas,
833 951 862 1009 et
873 947 904 1008 in
917 947 1023 1009 eadem
1037 943 1109 1008 villa
1127 945 1253 1008 domum
1265 943 1437 1016 constitum
1450 977 1491 990 --
1503 951 1534 1007 et
1543 945 1672 1010 Pontius
1690 947 1728 1011 de
1742 951 1844 1012 Boenc
1859 947 1908 1028 (l),

498 1043 710 1118 clericum-et
721 1041 949 1106 Girinusdasal
959 1041 1010 1123 (2),
1024 1041 1197 1116 canonicus,
1212 1041 1265 1122 qui
1279 1039 1480 1104 deditSancto
1490 1043 1645 1123 Stephano
1659 1045 1794 1125 cyphum
1806 1061 1910 1125 argeu-

500 1145 583 1202 teum
595 1151 666 1203 cum
680 1139 819 1213 cocleari,
831 1145 860 1202 et
874 1138 1008 1202 vendidit
1017 1139 1068 1218 jus
1082 1154 1172 1200 suum
1192 1137 1274 1217 quod
1291 1137 1424 1201 babebat
1441 1139 1472 1201 in
1496 1145 1595 1204 sesne
1617 1142 1753 1221 Givorgii
1769 1141 1813 1222 (3]
1834 1149 1864 1204 et
1878 1142 1909 1205 in

498 1243 596 1300 castro
621 1237 787 1317 Hyseronis
814 1236 858 1316 (l)
885 1236 1019 1300 ecclesiae
1049 1237 1152 1300 Sancti
1177 1235 1324 1315 Stephani
1346 1251 1417 1315 pro
1448 1242 1571 1300 centum
1598 1239 1710 1304 marcis
1738 1241 1856 1319 argenti
1881 1247 1911 1302 et

496 1337 551 1397 XL
576 1335 664 1398 libris
688 1335 859 1398 viennensis
870 1341 1000 1409 monete
1016 1340 1047 1398 et
1065 1332 1191 1398 ecclesia
1207 1331 1348 1413 promisit
1368 1331 1396 1396 el
1415 1333 1656 1398 anniversarium
1670 1351 1762 1398 suum
1782 1337 1909 1416 siugulis

497 1433 585 1493 annis
598 1431 781 1494 iaciendum.
795 1462 835 1476 ·-
846 1433 883 1493 Et
899 1433 1000 1510 Hugo,
1017 1430 1123 1506 laicus,
1136 1431 1190 1510 qul
1203 1429 1285 1493 dedit
1305 1430 1338 1494 in
1360 1445 1452 1509 opera
1463 1430 1588 1510 majoris
1603 1433 1739 1496 eeclesiae
1757 1433 1910 1496 Xsolidos

496 1528 718 1592 viennensium.
733 1563 774 1578 -
786 1529 803 1608 ς
815 1531 852 1591 Et
866 1527 1059 1591 Goichardus
1072 1526 1189 1590 Aroudi
1200 1526 1238 1590 da
1252 1529 1355 1604 Burgo
1370 1525 1422 1606 (5),
1436 1527 1592 1606 quondam
1606 1527 1782 1608 capellanus
1801 1547 1910 1610 perpe-

496 1631 569 1690 tuus
581 1627 612 1688 in
625 1625 750 1690 ecclesia
763 1625 968 1704 lugdunensi,
985 1625 1038 1704 qui
1054 1623 1179 1703 reliquit
1193 1623 1435 1686 anniversarium
1458 1640 1549 1686 suum
1562 1639 1724 1688 commune
1738 1627 1771 1688 in
1785 1627 1909 1690 melaria

495 1721 701 1799 Lugdunensi,
715 1729 744 1784 et
757 1723 858 1802 ipsum
869 1722 901 1784 in
916 1722 982 1800 ipsa
993 1735 1048 1800 per
1057 1721 1121 1800 ojus
1132 1719 1328 1784 deservitores
1340 1718 1436 1780 voluit
1446 1725 1476 1782 et
1487 1721 1622 1800 precepit
1634 1720 1700 1784 lieri
1710 1720 1815 1796 semel,
1830 1739 1908 1786 anno

496 1817 633 1895 quolibet
644 1823 799 1897 perpetuo,
814 1817 863 1880 die
881 1816 983 1880 obitus
994 1817 1052 1889 sul,
1064 1815 1330 1895 ipsomqnesuper
1341 1813 1576 1890 domumsuam,
1594 1831 1688 1895 quam
1707 1818 1860 1880 inhabitat
1877 1821 1907 1882 in

495 1914 662 1976 claustrum
676 1914 909 1992 Lugdunensem
923 1919 953 1976 et
975 1927 1068 1991 quam
1086 1910 1246 1990 aequisivit
1270 1925 1289 1971 a
1309 1909 1433 1972 domino
1453 1911 1629 1974 Tbaobaldo
1651 1913 1689 1976 de
1705 1915 1905 1990 vassalliaco,

495 2011 650 2090 quondam
671 2011 885 2074 archidiacono
904 2005 1171 2087 Lugdunensi'(6l,
1194 2006 1358 2084 assignavit
1375 2011 1404 2068 et
1424 2007 1564 2070 assetavit
1584 2009 1628 2072 eis
1648 2010 1741 2075 modo
1759 2019 1790 2076 et
1812 2013 1908 2076 torma

495 2108 607 2187 quibus
616 2109 727 2172 melius
739 2109 848 2188 potuit,
863 2113 892 2170 et
910 2107 1008 2186 ipsam
1019 2104 1155 2168 oneravit
1166 2109 1312 2183 perpetuo
1324 2103 1362 2168 de
1373 2105 1497 2178 codem;
1511 2111 1541 2170 et
1552 2122 1609 2186 pro
1620 2107 1688 2188 ipso
1702 2110 1907 2174 anniversario

494 2206 675 2284 complendo
686 2205 833 2284 relinquit
845 2211 875 2267 et
896 2204 978 2266 dedit
989 2203 1095 2282 viginti
1107 2201 1220 2265 solidos
1239 2201 1460 2278 viennensium,
1482 2205 1758 2286 quosacqnisivita
1770 2208 1907 2287 Gmgone

494 2301 532 2364 de
543 2302 728 2366 Larohanter
742 2317 811 2365 cum
824 2300 948 2364 taschiis
960 2305 990 2364 et
1000 2299 1125 2363 decimis
1142 2298 1313 2379 peripsum
1329 2297 1444 2361 ibidem
1463 2299 1638 2379 acquisitls3
1658 2307 1688 2365 at
1710 2302 1807 2366 voluit
1824 2303 1906 2381 quod

494 2398 596 2476 ipsum
608 2397 849 2461 anniversarium
872 2413 962 2459 suum
987 2395 1078 2460 libret
1088 2396 1120 2458 in
1131 2395 1226 2459 choro
1240 2395 1319 2458 dicte
1332 2395 1458 2458 ecclesie
1476 2411 1531 2475 per
1553 2411 1679 2462 manum
1694 2399 1758 2461 vice
1771 2399 1906 2477 magistri

494 2494 580 2557 chori
600 2495 695 2574 ipsius
718 2493 842 2557 ecclesie
857 2491 1098 2556 ethabeatduos
1112 2491 1291 2572 solidospro
1307 2491 1425 2556 labore.
1439 2493 1690 2574 decorticatum
1712 2495 1850 2558 intererit
1868 2493 1906 2556 ad

493 2591 657 2654 matutinas
668 2597 859 2654 mortuorum
874 2589 922 2652 sui
935 2586 1134 2652 anniversarii
1148 2589 1179 2651 in
1199 2589 1297 2652 tribus
1311 2588 1414 2652 choris
1428 2589 1531 2653 sancti
1551 2593 1568 2654 J
1571 2591 1711 2664 ohannis,
1724 2589 1827 2652 Sanco
1839 2593 1906 2652 Sto-

493 2689 587 2770 pbani
599 2694 629 2751 et
642 2690 751 2752 Sancto
763 2687 868 2750 Crucis
886 2684 1080 2762 Lugdunens.
1101 2683 1250 2766 usquead
1274 2684 1428 2764 psalmum
1444 2683 1584 2751 tondete
1595 2685 1764 2752 dominum
1774 2687 1811 2751 dc
1822 2685 1903 2760 aclis,

490 2785 572 2850 etad
590 2785 714 2846 missam
728 2787 921 2845 mortuorum
933 2779 1068 2857 ejusdcm
1080 2781 1291 2856 anniversarii,
1314 2780 1365 2844 det
1374 2787 1404 2844 et
1418 2779 1518 2842 tradat
1531 2783 1647 2845 cunctis
1668 2784 1732 2847 vice
1749 2783 1903 2862 magister,

490 2881 606 2944 scilicet
618 2879 743 2943 cuilibet
756 2877 808 2956 qui
821 2877 959 2940 intererit
970 2877 1008 2939 ad
1019 2877 1114 2940 dictas
1124 2879 1288 2940 matutinas
1300 2883 1333 2940 ut
1347 2894 1440 2956 supra
1455 2894 1508 2939 sex
1523 2877 1664 2942 denarios
1678 2880 1903 2952 viennensium

488 2984 519 3040 et
538 2976 664 3039 cuilibet
679 2975 732 3053 qul
748 2973 886 3036 intererit
903 2972 942 3035 ad
965 2972 1078 3035 dictam
1088 2973 1213 3036 missam
1225 2973 1302 3036 alios
1316 2990 1368 3036 sex
1382 2973 1524 3036 denarios
1536 2972 1763 3052 viennensium,
1771 2975 1836 3038 siva
1845 2975 1905 3038 sint

488 3072 638 3134 matutine
648 3071 681 3134 in
695 3070 789 3134 choro
802 3069 864 3132 sive
880 3069 912 3130 iu
927 3069 1118 3148 presbiterio.
1137 3069 1241 3134 Voluit
1255 3076 1357 3132 tamen
1370 3069 1453 3148 quod
1472 3068 1633 3132 duodecim
1650 3072 1818 3151 capellanis
1832 3089 1905 3154 perf·

488 3167 587 3247 petuis
601 3167 680 3230 dicte
694 3164 818 3228 ecclesie
829 3164 920 3228 sociis
930 3164 994 3228 suis
1005 3164 1199 3244 dupplicatur
1222 3181 1314 3246 super
1329 3164 1484 3228 tumulum
1498 3179 1599 3240 suum,
1613 3166 1653 3230 ad
1671 3167 1753 3246 quod
1768 3175 1798 3232 et
1814 3186 1904 3250 super

487 3264 570 3344 quod
595 3263 711 3342 placeat
736 3277 787 3323 eos
808 3261 853 3324 ire
878 3266 908 3324 at
931 3261 1252 3324 commemorationem
1277 3261 1380 3340 lacere¹
1399 3261 1525 3334 ibidem,
1545 3276 1657 3340 rogans
1680 3265 1773 3330 etiam
1798 3281 1904 3330 eorum

486 3359 655 3440 quamlibet
666 3363 699 3420 ut
712 3358 771 3420 sibi
792 3357 909 3436 placeat
921 3357 1021 3419 dicere
1032 3357 1098 3436 ipsa
1115 3355 1164 3420 die
1176 3357 1223 3420 sui
1237 3357 1449 3432 anniversarii,
1464 3355 1512 3420 vel
1529 3364 1692 3438 postquam
1709 3362 1804 3426 cicius
1819 3371 1904 3443 pote-

485 3457 537 3529 rit,
554 3469 646 3518 unam
657 3453 782 3521 missam
792 3469 848 3533 pro
861 3453 997 3518 remedio
1008 3453 1110 3516 animo
1123 3469 1177 3516 sue
1188 3459 1218 3515 et
1236 3471 1373 3518 suorum.
1392 3457 1428 3518 Et
1447 3457 1544 3522 voluit
1563 3464 1594 3522 et
1614 3457 1766 3522 ordinavit
1778 3459 1902 3540 quodid

480 3551 538 3625 ¹die
545 3551 617 3614 dicti
627 3550 825 3621 anniversarii
838 3549 885 3612 sui
900 3555 929 3612 et
947 3550 978 3616 in
989 3548 1107 3616 duabus
1120 3549 1203 3612 lastis
1215 3550 1430 3616 detunctorum
1445 3561 1515 3618 eant
1526 3572 1633 3618 omnes
1648 3555 1848 3622 deservientes
1864 3561 1903 3623 ad

485 3647 611 3711 missam
625 3663 716 3726 super
729 3646 883 3710 tumulum
898 3661 1067 3708 suumcum
1080 3661 1170 3709 cruce
1184 3645 1249 3709 sine
1263 3651 1338 3722 asta,
1352 3663 1458 3712 ornnes
1472 3652 1616 3727 revestiti,
1627 3652 1705 3716 siout
1715 3651 1755 3716 ad
1766 3655 1901 3732 missam,

485 3743 637 3807 clericulis
648 3741 840 3823 portantibus
851 3740 1042 3814 candelabra,
1059 3740 1254 3820 subdyacono
1266 3758 1398 3817 crucem,
1419 3744 1554 3824 dyacona
1567 3747 1717 3822 selletam,
1735 3751 1903 3828 presbitero
1968 3737 1970 3741 ⁸

484 3841 610 3915 librum,
627 3839 797 3903 dicentes...
809 3837 892 3902 brevi
904 3841 994 3900 cantu
1006 3841 1066 3900 tres
1078 3838 1290 3917 responsiones
1304 3853 1374 3902 cum
1385 3839 1483 3904 tribus
1497 3843 1696 3918 orationibus,
1707 3845 1832 3910 etdetur
1843 3851 1902 3912 cui-

485 3937 561 4001 libet
574 3937 652 4000 sicut
670 3935 701 3999 in
718 3933 941 4007 anniversario;
966 3938 995 3996 et
1019 3933 1226 3997 matriculario
1238 3949 1295 4014 pro
1309 3933 1415 3998 labore
1436 3953 1491 4001 suo
1508 3955 1544 4002 ac
1556 3955 1645 4003 cruce
1659 3945 1689 4002 et
1703 3942 1836 4008 candelis
1849 3963 1902 4009 sex

515 4169 603 4233 [lices
614 4169 902 4219 motsodelicancvnasa
914 4168 1150 4231 troorantqoedans
1266 4167 1300 4234 (t)
1318 4169 1440 4230 Ymronls,
1458 4171 1516 4224 Mra.
1534 4174 1563 4222 dc
1586 4175 1736 4226 lumbar.-
1758 4177 1850 4227 turon
1867 4187 1904 4228 cst

483 4249 505 4301 le
515 4247 572 4298 ldis.
585 4249 614 4296 de
622 4248 918 4296 l'drclrer.···l.alsmllla
929 4249 1112 4310 sterilemque
1121 4247 1150 4295 dc
1233 4261 1280 4296 nne
1305 4249 1346 4298 des
1371 4260 1508 4300 commones
1528 4253 1560 4302 du
1588 4263 1675 4304 centon
1704 4256 1733 4304 dc
1761 4257 1903 4320 Vaogacny

483 4327 607 4374 Buencast
619 4328 748 4389 originalia
763 4327 894 4374 delirasse.
909 4327 945 4374 do
962 4327 1043 4375 milico
1052 4326 1084 4375 du
1095 4335 1150 4374 xus·
1233 4324 1345 4389 (lilibus).

482 4403 553 4452 cidclo
570 4403 614 4450 clle
636 4403 693 4452 eluit
712 4405 893 4465 possessiouoda
920 4405 1114 4453 nou-molemant
1137 4407 1150 4451 1
1265 4402 1298 4468 (1)
1309 4404 1430 4454 Gulclrrrd
1441 4407 1515 4469 deod,
1526 4408 1901 4476 d’onennetenuetontllsongi-

482 4481 625 4540 fflvtmour,
642 4481 701 4528 mnis
718 4495 804 4529 encore
823 4482 927 4542 thray
938 4490 962 4529 et
983 4486 996 4530 1
1012 4481 1148 4546 llontaaay.
1232 4481 1339 4532 nali-adu
1348 4481 1466 4546 Lycaonis
1475 4484 1513 4550 (V.
1523 4488 1555 4536 La
1573 4489 1721 4554 Labcuraur,
1733 4499 1751 4540 1.
1765 4495 1788 4552 2,
1800 4505 1824 4555 p.
1834 4491 1900 4554 111),

482 4560 520 4624 (V.
531 4561 630 4622 tribnat,
639 4561 664 4608 Ρ.
676 4562 699 4609 J.
708 4575 733 4624 p.
747 4561 812 4625 ido.)
1232 4561 1362 4610 merrotle
1381 4565 1409 4610 11
1426 4563 1506 4624 luillet
1525 4571 1594 4629 talc,
1614 4573 1709 4619 sonent
1729 4571 1750 4618 le
1772 4570 1841 4618 lere
1860 4571 1902 4618 des

513 4639 670 4704 (ilbcsmctr
682 4639 990 4689 «dosolvnesetroovaut
1001 4655 1047 4703 qua
1058 4642 1118 4691 dans
1129 4643 1150 4690 ts
1232 4640 1420 4703 anniversitas,
1445 4643 1503 4693 llas.
1527 4652 1673 4696 conservet
1696 4650 1717 4697 la
1738 4649 1851 4696 lilbllollr.
1871 4649 1902 4694 de

481 4719 539 4768 llos.
551 4719 580 4768 de
593 4720 820 4768 l'arclrsv.-·Girln
836 4721 864 4768 do
878 4721 917 4768 Sal
933 4721 968 4767 tot
982 4721 1099 4769 cbnncloa
1120 4722 1150 4769 ds
1231 4719 1307 4782 Lyon,
1319 4720 1379 4769 dans
1398 4723 1420 4770 la
1431 4723 1555 4774 collection
1577 4729 1657 4791 coste,
1667 4737 1700 4784 ,et
1718 4729 1741 4778 la
1761 4733 1798 4776 ¹0⁹
1811 4727 1899 4790 juillet,

483 4801 544 4847 llio
560 4802 574 4846 1
593 4801 663 4846 1187.
676 4795 713 4862 (V.
723 4799 821 4860 dolaret,
834 4799 859 4848 P.
872 4799 894 4846 l.
908 4811 932 4861 p.
950 4801 989 4858 15,
1002 4805 1026 4847 et
1036 4799 1147 4864 cl-aprts,
1213 4833 1216 4840 »
1231 4803 1325 4850 salvant
1337 4808 1406 4852 notra
1417 4801 1550 4853 obitualis.

481 4879 508 4928 v.
523 4878 545 4925 J.
556 4889 584 4926 no
595 4877 642 4940 m.)
776 4903 782 4918 .
1262 4877 1297 4944 (a)
1313 4879 1346 4928 c·
1356 4879 1461 4932 sarasar
1477 4884 1505 4934 aa
1517 4877 1673 4960 vamildai,
1692 4887 1777 4943 nauta
1787 4900 1851 4946 aare,
1864 4886 1900 4934 va

512 4957 546 5026 (1)
563 4957 657 5019 divers,
670 4958 871 5007 arroulissemeut
882 4957 910 5007 de
920 4957 995 5022 Lyon.
1230 4959 1279 5008 velt
1290 4972 1320 5009 en
1333 4961 1403 5013 1101.
