4314 6058
524 819 582 882 tta
845 833 1010 884 osrrutrnn
1033 833 1070 881 cn
1091 816 1225 880 n’bsusn
1247 831 1285 878 nn
1307 827 1624 880 arou-novamus.

521 956 551 1012 et
561 947 673 1013 librare
687 955 849 1014 teneantur
865 951 1103 1030 imperpetuum,
1117 949 1196 1012 etad
1210 950 1269 1012 boc
1282 947 1455 1012 laciendum
1469 951 1530 1012 sint
1547 951 1662 1014 astricti
1681 950 1739 1014 sub
1755 967 1835 1031 pena
1844 965 1936 1012 cons-

521 1045 673 1110 titutionis
685 1049 883 1126 Gregoriane,
895 1052 925 1109 et
938 1045 996 1109 sub
1007 1046 1075 1108 aliis
1088 1047 1174 1126 panis
1183 1046 1333 1110 contentis
1346 1045 1378 1108 in
1388 1046 1508 1109 statutis
1519 1046 1597 1111 dicte
1611 1045 1739 1111 ecclesie
1759 1054 1866 1111 contra
1876 1063 1934 1109 non

520 1139 668 1206 librantes
678 1144 867 1224 temporibus
881 1142 1040 1206 ordinatis.

560 1241 623 1302 Nos
635 1255 706 1304 vero
722 1237 906 1303 Guillelmus
919 1238 956 1301 de
967 1239 1109 1316 Thureyo
1122 1235 1172 1317 (t),
1185 1236 1327 1310 decanus,
1339 1242 1369 1299 et
1379 1237 1548 1317 capitulum
1562 1237 1774 1316 lugdunense,
1784 1240 1817 1302 in
1832 1245 1935 1302 nostro

519 1334 654 1414 capitulo
666 1337 803 1414 generali
817 1335 992 1410 existentes,
1007 1333 1113 1396 babitu
1126 1333 1271 1395 internos
1284 1331 1410 1411 plenaet
1423 1337 1544 1394 matura
1557 1331 1786 1411 deliberatione,
1798 1335 1933 1396 unanimi

519 1447 668 1504 consensu
688 1436 719 1494 et
734 1432 900 1504 voluntate,
915 1446 1021 1492 omnes
1035 1428 1241 1492 ordinationes
1259 1426 1449 1507 supradictas
1468 1445 1522 1508 per
1538 1427 1699 1492 dominum
1712 1431 1752 1492 Η.
1773 1429 1811 1492 de
1824 1429 1932 1503 Vilars,

519 1527 795 1607 archiepiscopum,
810 1525 903 1590 lectas
915 1525 1086 1597 laudamus,
1102 1524 1308 1603 approbamus
1322 1530 1353 1586 et
1366 1539 1403 1585 ex
1418 1529 1499 1586 certa
1513 1525 1643 1588 sciencia
1657 1523 1867 1600 ratillicamus,
1881 1545 1934 1589 nec

518 1639 579 1686 non
594 1625 663 1704 ipsa
675 1611 763 1686 nobi's
774 1623 895 1696 donata,
908 1619 996 1697 juxta
1007 1618 1133 1700 predicti
1144 1619 1260 1681 domini
1270 1619 1492 1700 archiepiscopi
1503 1621 1744 1700 requisitionem,
1755 1625 1813 1687 sub
1823 1625 1931 1698 modis,

520 1720 658 1798 pactiset
672 1717 898 1782 conditionibus
913 1717 1080 1796 peripsum
1097 1715 1129 1777 in
1147 1713 1309 1778 collatione
1321 1715 1472 1779 dictarum
1485 1733 1589 1780 rerum
1608 1719 1765 1798 appositis,
1789 1721 1932 1801 incorpo-

518 1829 622 1878 mmus
637 1821 667 1877 et
686 1815 811 1878 unimus
826 1819 925 1876 castro
947 1817 1050 1874 nostro
1069 1817 1098 1874 et
1115 1810 1290 1874 obediencie
1309 1812 1518 1891 Ruppiscisse,
1535 1819 1698 1876 statuentes
1713 1821 1743 1878 et
1758 1817 1933 1880 ordinantes

517 1909 599 1990 quod
613 1909 839 1984 obedienciarii,
855 1909 909 1987 qui
921 1923 1001 1970 nunc
1015 1913 1087 1969 sunt
1101 1913 1132 1970 et
1148 1908 1202 1986 qui
1217 1923 1272 1986 pro
1287 1911 1561 1988 tempore-tuerint,
1578 1926 1686 1973 omnes
1700 1912 1929 1976 distributiones

517 2007 686 2086 peripsum
700 2006 860 2068 dominum
876 2005 1142 2084 archiepiscopum
1154 2004 1309 2067 ordinatas
1322 2006 1433 2068 librent
1451 2013 1482 2069 at
1503 2007 1615 2070 librare
1630 2015 1790 2071 teneantur
1804 2009 1838 2070 in
1854 2009 1932 2072 dicta

516 2103 645 2165 ecclesia
665 2109 695 2164 et
712 2100 842 2182 capello,
862 2101 952 2164 annis
971 2101 1114 2178 singulis,
1132 2107 1223 2180 prout
1243 2103 1384 2181 superius
1398 2105 1581 2177 continetur,
1598 2110 1628 2166 et
1642 2103 1724 2184 qnod
1743 2105 1857 2168 esuicti
1872 2107 1932 2167 sint

516 2199 556 2262 od
574 2199 633 2261 boc
651 2199 708 2262 sub
720 2213 798 2278 pena
815 2197 1039 2260 constitutionis
1060 2197 1258 2275 Gregoriane,
1275 2203 1306 2260 et
1325 2198 1383 2261 sub
1403 2197 1472 2262 aliis
1487 2201 1574 2278 penis
1590 2203 1739 2264 contentis
1759 2203 1792 2264 in
1813 2203 1930 2265 statutis

519 2295 645 2358 ecclesie
666 2295 800 2374 predicto
820 2299 926 2358 contra
944 2308 1006 2356 non
1029 2291 1176 2356 librantes
1195 2295 1385 2374 temporibus
1398 2295 1555 2358 ordinatis.
1576 2295 1725 2361 -Plura
1738 2297 1799 2361 alia
1811 2299 1891 2362 bona
1900 2305 1930 2362 et

517 2391 617 2470 legata
627 2391 710 2454 dedit
723 2397 754 2456 et
768 2391 879 2470 legavit
893 2405 952 2468 qne
962 2405 1021 2452 non
1035 2397 1107 2452 sunt
1117 2391 1230 2470 scripta
1247 2391 1278 2452 ln
1294 2392 1352 2454 boc
1368 2389 1457 2455 libro.
1475 2393 1559 2456 Obiit
1576 2410 1646 2456 vero
1665 2395 1763 2458 dictus
1778 2397 1929 2459 Henricus

514 2491 611 2554 XXV·
631 2489 680 2552 die
700 2489 814 2552 mensis
833 2485 1016 2560 novembris
1040 2487 1070 2552 in
1090 2503 1176 2562 sero;
1196 2493 1227 2550 et
1243 2487 1293 2549 die
1312 2487 1420 2551 ultima
1438 2489 1510 2552 dicti
1529 2491 1644 2553 mensis
1663 2493 1719 2554 luit
1737 2508 1848 2571 corpus
1866 2493 1929 2571 eJus

513 2585 658 2649 traditum
670 2583 872 2648 ecclesiastice
887 2579 1042 2659 sepulture
1058 2583 1090 2644 in
1105 2580 1221 2660 capella
1237 2583 1383 2661 predicta,
1403 2601 1496 2664 quam
1510 2585 1592 2648 idem
1604 2587 1636 2650 in
1647 2588 1709 2649 vita
1723 2605 1779 2649 sua
1794 2587 1929 2650 fundavit

513 2687 545 2744 et
554 2681 773 2755 dotavitanno
787 2679 902 2742 domini
913 2676 1078 2740 millesimo
1091 2679 1175 2741 GCC⁰
1187 2678 1441 2758 quinquagesimo
1451 2671 1569 2762 quinto.
1579 2681 1690 2746 Anima
1701 2683 1767 2762 eJus
1778 2699 1834 2763 per
1843 2685 1930 2747 mise-

514 2777 679 2842 ricordiam
697 2779 752 2840 Dei
774 2774 985 2855 requiescatln
999 2789 1083 2852 pace.
1097 2775 1206 2837 Amen.
1607 2831 1609 2838 ,

556 2879 634 2938 Item
648 2875 725 2936 obiit
736 2873 879 2936 dominus
893 2868 1074 2932 Laurentius
1090 2870 1273 2946 Villarderii,
1290 2872 1454 2936 canonicus
1466 2875 1568 2939 Sancti
1582 2875 1687 2938 Nicetii
1702 2876 1921 2954 Lugdunensis,

515 2971 691 3050 capellanus
709 2973 740 3030 et
758 2967 918 3030 familiaris
945 2966 1073 3047 predicti
1091 2966 1207 3030 domini
1230 2969 1366 3043 Henrici,
1385 2971 1541 3050 quondam
1562 2973 1785 3054 archiepiscopi
1804 2975 1928 3054 Lugdu-

513 3067 616 3130 nensis
638 3071 668 3127 ot
681 3065 812 3138 comitis,
833 3065 886 3144 uui
901 3068 979 3130 inter
997 3062 1058 3127 alia
1074 3064 1107 3128 in
1123 3079 1179 3126 suo
1197 3069 1377 3129 testamento
1395 3069 1425 3130 et
1445 3067 1554 3132 ultima
1576 3087 1632 3132 sua
1647 3071 1801 3134 voluntate
1820 3073 1930 3136 dictam

514 3159 665 3244 capellam
682 3164 769 3224 beate
789 3163 883 3226 Maris
902 3161 1080 3242 Magdalene
1091 3165 1122 3222 et
1135 3160 1202 3238 ejus
1221 3167 1353 3226 rectores
1370 3168 1399 3226 et
1417 3167 1578 3230 servitores
1597 3167 1723 3232 heredes
1743 3171 1929 3233 universales

513 3259 660 3331 instituit;
674 3255 778 3322 volens
795 3265 824 3322 et
838 3259 983 3322 ordinans
997 3257 1079 3336 quod
1101 3257 1247 3336 quicquid
1261 3259 1419 3322 residuum
1435 3261 1560 3326 babebit
1571 3262 1609 3326 de
1621 3265 1710 3328 bonis
1729 3267 1804 3342 suis,
1821 3265 1929 3331 solutis

513 3355 710 3428 clamoribus,
727 3354 850 3432 debitis,
871 3353 980 3434 legatis
993 3360 1024 3418 et
1037 3351 1212 3417 elemosinis
1229 3353 1303 3428 suis,
1325 3355 1363 3416 ad
1389 3355 1485 3420 dictos
1509 3365 1652 3436 rectores,
1676 3377 1732 3441 pro
1759 3371 1790 3428 et
1807 3369 1930 3430 nomine

513 3451 612 3531 ipsius
629 3447 757 3529 capelle,
773 3467 829 3529 pro
845 3451 1016 3514 redditibus
1036 3447 1231 3526 acquirendis
1245 3450 1416 3528 promissis
1433 3453 1463 3514 in
1480 3453 1586 3516 eadem
1605 3458 1722 3536 capella
1739 3459 1928 3524 celebrandis

512 3562 569 3626 pro
595 3545 730 3609 remedio
747 3547 849 3608 anime
877 3547 974 3626 ipsius
999 3545 1116 3608 domini
1144 3544 1366 3625 archiepiscopi
1391 3551 1529 3628 magistri
1553 3553 1617 3628 sui,
1643 3559 1673 3616 et
1693 3555 1790 3634 ipsius
1812 3563 1930 3622 testato

511 3643 565 3706 ris.
583 3643 666 3706 Obiit
680 3641 779 3704 dictus
795 3643 976 3706 Laurentius
995 3643 1046 3706 die
1064 3643 1183 3705 veneris
1197 3647 1266 3720 post
1277 3641 1481 3721 occdraodo,
1498 3631 1636 3712 videlicet
1656 3653 1730 3715 Xlli
1742 3653 1792 3715 die
1803 3653 1926 3734 Aprilis,

512 3754 595 3802 anno
609 3737 726 3800 domini
741 3741 785 3800 Μο
799 3739 884 3802 CCC⁰
899 3741 1007 3803 LVIII.

549 3873 592 3922 v1.
605 3892 686 3922 -.-
704 3859 853 3924 obierunt
874 3859 1042 3934 drdradus,
1068 3859 1286 3932 subdiaconns;
1302 3865 1385 3922 -et
1407 3861 1520 3944 Drogo,
1543 3867 1808 3946 presbiter;—et
1822 3875 1924 3953 Hugo,

508 3955 829 4036 archipresbiter;—et
843 3957 949 4019 Petrus
961 3955 999 4017 de
1010 3955 1151 4018 Borbone
1163 3953 1215 4036 lt),
1232 3957 1286 4034 qni
1300 3955 1384 4018 dedit
1394 3959 1503 4022 sancto
1514 3963 1669 4042 Stephano
1683 3983 1813 4045 cappam
1828 3987 1923 4034 unam

509 4059 540 4118 et
556 4051 685 4133 pallium
707 4067 805 4116 unum
819 4057 849 4115 et
862 4051 997 4132 cyphum
1015 4059 1194 4131 argenteum
1209 4066 1278 4114 cum
1299 4051 1462 4130 cochleari,
1479 4061 1510 4118 et
1527 4057 1565 4119 ad
1586 4057 1804 4128 eleemosinam
1823 4066 1928 4130 decern

509 4165 628 4212 marcas
656 4149 792 4228 argentm
815 4155 908 4214 -et
935 4147 1109 4228 Stephanus
1134 4147 1184 4230 (3),
1215 4149 1355 4212 sacerdos
1378 4155 1408 4212 et
1438 4159 1539 4216 custos
1564 4155 1673 4220 Sancte
1695 4161 1820 4236 drucis;
1843 4173 1929 4226 -et

511 4242 692 4318 Dalmatius,
706 4243 813 4308 laicus.
1667 4299 1684 4330 ,

549 4383 578 4430 v.
594 4399 675 4412 --
690 4365 840 4430 Obierunt
853 4367 991 4442 Pontius,
1005 4366 1058 4446 qui
1077 4366 1160 4430 dedit
1174 4367 1283 4430 Sancto
1305 4367 1460 4448 Stephano
1483 4371 1684 4454 quadraginta
1698 4375 1827 4452 solidos,
1843 4393 1928 4444 —et

539 4635 573 4700 (t)
591 4635 724 4686 Gnillanme
735 4639 764 4688 de
773 4639 877 4703 ready,
887 4643 928 4705 qui
940 4643 1021 4691 tutela
1029 4643 1176 4704 orabantque
1253 4643 1399 4693 bibliotheca
1419 4645 1564 4708 sebusiana,
1584 4663 1609 4712 p.
1631 4653 1674 4699 322
1692 4660 1715 4699 et
1735 4653 1790 4712 aar,
1812 4654 1849 4698 cli.
1871 4667 1928 4701 xcrn

507 4717 536 4764 de
547 4717 614 4778 Lyca
628 4729 658 4764 en
672 4719 741 4769 ¹⁸⁶8.
1253 4729 1277 4770 ct
1287 4723 1334 4785 tx.)

539 4793 573 4856 (Ξ)
591 4793 623 4842 Cc
635 4794 715 4842 l‘ierre
726 4796 885 4859 dsllourbon,
898 4801 1052 4862 quejcsrois
1064 4801 1178 4850 ascirett
1286 4798 1320 4864 (b)
1346 4803 1470 4852 rear-eus
1489 4803 1587 4854 Eticnne
1606 4807 1635 4854 do
1651 4809 1714 4870 beyn
1722 4817 1762 4866 ut,
1780 4809 1880 4857 custode
1896 4809 1928 4856 de

507 4871 624 4920 ebancinc
633 4871 661 4920 dc
672 4871 761 4936 l’tglisc
770 4876 972 4938 metropolitains,
982 4879 1091 4926 vivaitan
1105 4881 1178 4926 ttts-
1254 4877 1429 4942 Salute-ticoh,
1444 4883 1485 4944 qui
1501 4891 1559 4932 teate
1570 4898 1603 4942 cn,
1612 4888 1680 4933 ¹2⁶8.
1694 4887 1774 4948 (trab.
1784 4887 1818 4936 du
1830 4887 1925 4946 libone,

452 4979 457 4988 ·
510 4954 579 5000 titt.
596 4947 634 5014 (t.
647 4951 673 5002 Ρ.
692 4955 716 5002 J.
737 4953 859 5017 d'tubret,
881 4969 906 5018 p.
930 4959 973 5017 ⁵¹3
994 4957 1177 5019 etGuiebcnon,
1254 4960 1326 5023 Agar,
1337 4963 1384 5017 vol.
1396 4967 1419 5026 2,
1433 4973 1461 5012 nt
1475 4967 1522 5026 tt.)
