4300 6054
438 836 446 852 ,
580 779 745 831 ourruuan
766 758 808 830 nr
827 763 960 830 u'icarsn
981 781 1021 830 nn
1042 779 1133 830 uror.
1146 781 1274 831 --turu
1508 767 1512 778 '
1600 769 1671 828 57·

226 913 344 962 rnorem
359 897 443 962 curie
454 899 602 972 Romane,
618 911 678 977 que
691 896 756 962 dies
770 897 829 960 luit
839 897 981 962 vicesima
994 877 1236 960 octavo'meusiis
1249 895 1362 970 martii,
1376 895 1434 960 luit
1448 911 1558 976 corpus
1577 898 1642 977 ejus

114 993 117 999 “
226 995 338 1059 edicto
346 995 413 1059 loco
425 995 528 1060 sancti
540 993 649 1058 Donati
660 994 828 1060 honorilice
839 993 1108 1058 bansrebitumad
1121 993 1233 1058 dietam
1243 993 1401 1057 ecclesiam
1411 993 1642 1074 Lugdunensem

227 1093 306 1156 bora
319 1107 517 1174 vesperorum
528 1087 711 1154 associatum
731 1089 874 1154 omuibus
895 1087 1141 1170 processionibus
1157 1089 1285 1153 civitatis
1298 1095 1339 1152 ot*
1350 1088 1491 1154 cimbalis
1505 1091 1643 1154 sonanti-

228 1192 297 1266 bus,
306 1191 411 1272 ibique
423 1207 493 1255 oum
505 1189 620 1270 ingenti
632 1189 823 1254 solemnitate
829 1189 983 1270 sepultum
997 1191 1028 1253 in
1040 1189 1230 1270 presbiterio,
1237 1190 1324 1268 juxta
1335 1189 1641 1264 chorumsiuistrum,

228 1289 259 1348 iu
275 1288 408 1368 quodam
423 1288 579 1366 sarcofago
590 1301 682 1366 super
693 1301 754 1366 quo
768 1286 963 1366 impositaest
975 1285 1125 1350 mirabilis
1135 1286 1240 1350 tumba
1253 1287 1382 1349 mirifice
1395 1291 1533 1366 operata,
1549 1291 1579 1349 et
1591 1301 1645 1366 per

229 1391 324 1448 totam
337 1391 457 1450 noctem
478 1401 549 1449 cum
565 1383 706 1446 laudibus
730 1383 903 1462 vigiliarum
924 1389 954 1446 et
975 1382 1101 1462 psalmis
1118 1388 1342 1462 pernoctatum
1365 1381 1414 1446 die
1434 1398 1504 1445 vero
1529 1383 1645 1446 veneris

230 1483 368 1562 sequenti
380 1481 633 1564 solempuizatum
647 1480 911 1559 sepelimentuma
928 1485 991 1542 toto
1005 1479 1086 1542 clero
1100 1479 1229 1542 civitatis
1243 1479 1330 1558 juxta
1347 1493 1476 1553 morem,
1500 1479 1646 1543 adhibitis

230 1578 476 1642 solemnitatibus
489 1577 597 1640 solitis.
610 1577 668 1654 Qui
680 1576 759 1640 bona
773 1576 919 1642 memorie
933 1575 1170 1656 quamplurima
1184 1577 1266 1640 bona
1276 1577 1346 1640 iecit
1366 1577 1398 1639 iu
1422 1575 1502 1640 diota
1521 1575 1647 1640 ecclesia

231 1679 259 1736 et
270 1673 403 1754 reliquid
414 1673 761 1753 enumerabiliajooalia,
779 1675 935 1752 ymagines
946 1679 1104 1752 argenteos
1114 1673 1282 1750 desuetas,
1299 1689 1416 1753 pennos
1427 1688 1536 1736 aureos
1547 1673 1646 1736 etalio

232 1771 329 1834 multa
351 1787 411 1850 que
437 1772 489 1836 bio
523 1787 614 1834 causa
643 1769 797 1834 brevitatis
819 1769 1033 1842 obmittuutur,
1054 1774 1084 1832 et
1108 1785 1168 1848 quc
1195 1785 1252 1849 pro
1274 1770 1384 1848 majori
1407 1777 1492 1850 parte
1521 1771 1646 1834 interius

233 1869 456 1931 describuntur.
492 1871 591 1930 Tener
621 1883 692 1928 vero
730 1869 900 1929 testamenti
932 1867 1028 1948 ipsius
1066 1873 1096 1930 et
1125 1867 1336 1930 codicillorum
1365 1868 1502 1947 sequitur
1533 1868 1564 1930 in
1590 1869 1647 1932 beo

234 1965 347 2028 rerba:

243 2087 246 2092 '
272 2091 349 2152 lem
371 2087 560 2168 sepulturam
583 2093 718 2153 nosbam
745 2087 886 2167 eligimus
911 2089 942 2150 in
964 2055 1090 2151 e'cclesia
1109 2087 1217 2167 majori
1240 2090 1445 2168 lugdunensi,
1467 2089 1500 2153 iu
1521 2089 1647 2152 introitu
1701 2161 1706 2166 ,

234 2183 311 2248 dicte
325 2184 460 2261 ecclesie,
481 2186 513 2249 iu
527 2201 588 2264 qua
609 2185 750 2249 volumus
768 2201 862 2265 supra
884 2201 939 2247 uos
958 2184 1025 2246 deri
1050 2200 1143 2248 uuam
1163 2185 1309 2248 elevatam
1328 2183 1516 2264 sepulturam
1535 2183 1647 2247 conde-

234 2285 360 2354 centem,
374 2281 406 2343 io
418 2297 479 2360 qua
490 2283 529 2344 sit
537 2281 639 2362 imago
651 2289 756 2361 nostra
767 2297 836 2346 sum
847 2297 932 2361 capa,
946 2280 1074 2360 genibus
1085 2282 1181 2356 doxis,
1197 2282 1340 2344 manibus
1353 2281 1475 2345 elevatis
1484 2281 1523 2344 ad
1535 2281 1644 2354 celum,

235 2382 263 2436 et
275 2376 315 2440 sit
325 2377 473 2456 scriptum
490 2393 497 2440 :
516 2379 582 2468 «In
597 2377 663 2440 sola
682 2377 890 2443 misericordia
903 2379 957 2442 liei
969 2363 1199 2472 spero'selvari;
1216 2378 1409 2442 »etinferius
1425 2375 1466 2440 sii
1475 2377 1645 2458 scripturo:

238 2473 450 2552 siliciaco.»

275 2589 351 2650 ltem
373 2603 444 2650 cum
470 2587 545 2652 alias
565 2589 807 2655 ordinaverimus
835 2591 867 2654 in
892 2589 1075 2664 Condriaco,
1105 2588 1186 2668 quod
1226 2587 1257 2650 iu
1290 2587 1416 2652 ecclesia
1453 2587 1648 2667 lugdunensi

238 2682 343 2744 tierent
354 2683 491 2762 qualibet
503 2701 584 2750 auno
600 2687 761 2752 duodecim
776 2685 982 2750 anniversaria
996 2701 1052 2765 pro
1064 2683 1162 2758 nobis,
1176 2683 1315 2746 videlicet
1327 2699 1424 2747 unum
1436 2683 1474 2746 de
1488 2683 1649 2747 duodecim

238 2775 343 2852 libris,
363 2777 413 2843 die
430 2797 491 2862 quo
512 2783 698 2859 moriemur,
719 2791 749 2848 ot
769 2783 905 2864 quolibet
927 2782 987 2846 elio
1005 2797 1110 2846 meuse
1123 2797 1220 2844 unum
1247 2779 1285 2844 de
1309 2787 1440 2861 quaeror
1465 2779 1562 2855 libris,
1588 2797 1649 2860 que

237 2875 546 2942 meanduutralorem
557 2880 713 2960 sexaginta
724 2881 874 2944 librarum
891 2877 1060 2952 annuatim,
1074 2877 1215 2942 volumus
1236 2875 1318 2958 quod
1336 2873 1417 2940 diota
1439 2875 1650 2940 summersoi·

239 2971 338 3048 piatur
350 2989 444 3054 super
457 2975 583 3039 decimis
597 2976 687 3040 castri
708 2975 894 3040 columberii
905 2974 937 3038 iu
951 2971 1114 3055 parrochia
1132 2973 1170 3036 de
1194 2971 1317 3035 Sacolas
1336 2977 1367 3036 et
1383 2975 1508 3046 Bouses,
1530 2977 1560 3036 et
1577 2971 1649 3036 istas

238 3068 369 3131 decimas
382 3070 421 3132 ad
433 3071 515 3135 istud
529 3089 607 3154 opus
621 3074 769 3153 legamus.

275 3181 352 3244 ltem
361 3182 468 3258 eciam,
479 3199 550 3250 oum
561 3183 803 3250 ordinaverimus
812 3193 909 3251 certos
920 3185 1125 3251 redditusomi
1136 3201 1193 3266 pro
1203 3185 1310 3250 eadem
1320 3183 1447 3249 ecclcda
1458 3197 1514 3264 pro
1523 3181 1650 3260 reuisu-

239 3275 318 3339 libus
333 3277 372 3342 ad
383 3281 607 3360 processionem
625 3289 655 3347 et
671 3284 711 3347 ad
727 3284 860 3364 primnm
874 3281 980 3347 diebus
992 3281 1163 3356 dominicis,
1180 3287 1210 3345 ot
1222 3281 1326 3346 audito
1338 3279 1420 3361 qood
1431 3296 1523 3360 super
1543 3279 1649 3344 eadem

239 3373 365 3436 materia
375 3375 549 3440 ordinatum
560 3383 615 3452 est,
632 3377 721 3442 illum
735 3377 898 3442 ardculum
910 3391 1087 3441 revocamus
1103 3377 1240 3452 omnino,
1252 3377 1307 3447 ¹sod
1324 3375 1466 3440 volumus
1483 3373 1564 3456 quod
1579 3375 1648 3438 lou-

240 3465 347 3532 deutur
357 3467 419 3533 duo
430 3471 590 3551 capellani,
603 3489 735 3554 quorum
750 3490 829 3538 uuus
841 3473 977 3555 qualibet
990 3473 1040 3537 dio
1054 3469 1165 3537 hebeat
1178 3469 1331 3536 celebrare
1345 3487 1401 3552 pro
1419 3471 1523 3534 anima
1545 3476 1649 3534 nosue

241 3569 269 3624 et
282 3564 507 3631 benefactorum
519 3576 694 3634 nostrorum
705 3571 738 3634 in
749 3571 853 3652 aliquo
867 3569 955 3639 altari
966 3585 1021 3650 per
1031 3583 1086 3632 nos
1097 3567 1145 3632 rel
1158 3563 1351 3648 sooegdtores
1364 3573 1483 3631 nostros
1504 3567 1651 3630 ordinau-

242 3657 288 3732 do,
304 3659 417 3740 quibus
431 3679 487 3742 pro
506 3663 587 3728 dicte
603 3665 784 3730 tundocioue
804 3665 940 3744 legamus
951 3657 1027 3728 illud
1043 3663 1126 3745 quod
1137 3663 1267 3727 emimus
1288 3679 1308 3727 a
1324 3663 1471 3728 Bastardo
1488 3663 1525 3726 de
1540 3663 1650 3726 Sancto

242 3755 333 3836 Polgo
347 3763 404 3822 eta
414 3761 582 3837 cbelmouo
596 3763 633 3826 de
646 3763 803 3826 chevanes
817 3762 855 3828 de
867 3761 1045 3826 Goudrieoo.

279 3872 355 3935 ltem
367 3863 507 3938 volumus
521 3873 604 3956 quod
618 3875 707 3939 dictis
728 3863 847 3938 duobus
859 3871 1023 3954 capellanis
1041 3878 1160 3938 ematur
1174 3891 1236 3937 uua
1247 3874 1356 3938 domus
1367 3873 1400 3938 iu
1413 3873 1545 3936 claustro
1558 3873 1605 3938 rel
1615 3873 1646 3936 in

242 3983 299 4029 uuo
311 3970 424 4048 angulo
438 3971 547 4036 domus
564 3976 666 4036 nostre
677 3971 715 4036 de
730 3973 894 4051 Cologneu,
914 3969 948 4033 iu
967 3985 1027 4051 guo
1041 3971 1158 4050 possint
1170 3969 1285 4069 habere
1294 3969 1528 4034 habitacionem.

277 4083 356 4144 ltem
369 4081 468 4146 m'dem
482 4083 597 4164 capelle
608 4084 746 4166 legamus
756 4083 875 4148 vineam
888 4088 1025 4148 nonnam
1036 4081 1075 4146 do
1086 4083 1250 4164 cologoeu.

276 4211 365 4284 item,
376 4225 448 4276 cum
458 4213 701 4279 ordinaverimus
712 4213 779 4278 lteri
791 4213 1078 4278 retroaltaraunum
1089 4213 1455 4280 retaulumsicotabulam
1464 4217 1649 4294 argenteam,

242 4304 290 4367 ubi
302 4313 427 4386 possent
437 4310 543 4388 reponi
558 4311 713 4390 ymagines
725 4313 834 4373 Sancto
845 4309 950 4383 llario,
960 4311 1063 4373 Sancti
1074 4310 1234 4386 iohannis,
1250 4311 1409 4392 Stephani,
1424 4315 1495 4386 etc,
1508 4309 1590 4375 istud
1601 4329 1652 4375 re-

241 4405 761 4579 ffiffifflwifflumms
773 4406 856 4488 quod
868 4407 1001 4470 habeant
1023 4407 1184 4471 brsobirnn
1196 4409 1299 4474 sancti
1311 4409 1467 4476 Vinoonoii
1485 4423 1555 4516 cum
1576 4411 1652 4538 pedo

278 4614 365 4686 imm,
379 4629 451 4678 oum
461 4615 702 4680 ordinaverimus
714 4615 956 4680 benedictorium
968 4623 1106 4681 nostrum
1117 4623 1295 4698 argenteum
1306 4617 1384 4694 dori,
1392 4617 1459 4683 loco
1469 4615 1553 4682 illins
1561 4633 1653 4698 para-

243 4713 339 4772 menta
350 4708 455 4773 altaris
464 4711 570 4787 rubea,
585 4729 644 4792 que
658 4713 784 4776 lecimus
798 4711 865 4775 fieri
877 4711 915 4776 do
929 4729 1031 4792 pauno
1041 4721 1145 4795 empto
1156 4715 1188 4778 iu
1202 4714 1535 4796 exsoquoione'domiui
1550 4715 1651 4778 cardi-

246 4802 535 4886 ualisdeigriiolis,
555 4807 675 4874 domus.
754 4831 756 4837 ·
1481 4839 1485 4848 ·

281 4919 356 4982 item
368 4915 450 5002 ultro
463 4919 600 5004 prodicta
611 4921 720 4990 demus
730 4927 761 4986 et
773 4919 911 5002 legamus
924 4921 1049 4990 eeclesia
1060 4925 1194 5008 predicte
1208 4929 1343 4990 nostram
1354 4924 1528 5006 meditem
1542 4939 1652 5004 iiiii·

1373 5025 1393 5084 8
