4314 6058
523 826 581 890 tue
1041 836 1148 897 ribaus
1169 847 1424 898 susurremus.

520 965 592 1028 bata
605 965 644 1028 de
659 963 810 1030 voluntate
824 972 854 1030 et
866 980 1016 1032 semensa
1031 967 1161 1047 insignis
1171 964 1547 1048 capitulietdominorum
1561 965 1780 1032 emmeram
1793 967 1939 1030 munitum

519 1061 680 1144 Lugduni:
1210 1117 1214 1124 .

560 1164 637 1228 mm
647 1161 818 1244 capitulum
831 1169 863 1226 et
875 1161 992 1226 domini
1010 1162 1149 1228 mnonici
1167 1161 1294 1226 comites
1310 1159 1451 1240 Lugduni
1475 1166 1506 1224 at
1524 1177 1583 1240 ego
1596 1159 1785 1242 bernaldus,
1801 1161 1938 1226 melesio

517 1257 749 1340 praenominatae
762 1257 902 1324 minister
916 1256 1055 1333 humilis,
1070 1259 1305 1338 cognoverimus
1326 1255 1409 1338 quod
1425 1255 1464 1320 ab
1478 1257 1607 1338 anduno
1617 1263 1682 1322 eta
1700 1264 1838 1340 tempore
1850 1261 1939 1338 cuins

517 1353 663 1420 maburti
683 1370 745 1420 non
764 1355 867 1420 exbdt
880 1355 1039 1430 memoria,
1050 1355 1187 1434 magistri
1212 1353 1362 1436 palleterii
1378 1353 1508 1418 civitatis
1522 1355 1658 1434 pretate
1671 1355 1815 1438 Lugduni
1830 1355 1891 1421 sint
1904 1357 1935 1420 ir

517 1453 708 1532 possessione
728 1457 757 1516 st
776 1452 898 1532 sayaina
912 1449 1061 1532 privilegii
1077 1451 1342 1531 processionaliter
1362 1449 1523 1514 incedendi
1538 1467 1608 1514 urm
1623 1453 1740 1516 lacibus
1753 1453 1888 1516 accende
1906 1461 1937 1516 et

515 1548 679 1614 smedeudr'
688 1545 818 1628 singulis
833 1549 932 1624 annis,
947 1550 980 1612 in
993 1549 1069 1613 testo
1080 1549 1176 1614 sancti
1190 1549 1319 1612 loannis
1333 1549 1481 1630 baptiste,
1496 1547 1536 1612 sd
1545 1545 1707 1614 eeclesiam
1720 1551 1825 1614 Sancti
1840 1553 1935 1614 loan-

516 1645 566 1710 nis
586 1645 624 1710 de
643 1645 803 1724 Lugduno,
817 1651 848 1708 et
860 1645 942 1726 quod
953 1643 1070 1709 ibidem
1089 1646 1254 1709 existentes
1268 1646 1300 1708 in
1324 1644 1459 1726 quamn
1484 1642 1597 1726 platea,
1619 1663 1690 1728 quas
1710 1652 1758 1710 est
1769 1654 1841 1712 ante
1852 1647 1935 1710 tores

516 1737 663 1818 ecclesie,
679 1742 741 1806 duo
762 1757 800 1804 ex
823 1733 957 1820 undonis
976 1739 1015 1804 do
1032 1745 1097 1804 arte
1114 1741 1345 1821 pelleteriorum
1363 1741 1453 1805 dictos
1474 1741 1605 1806 ciuitatis
1622 1743 1813 1810 cornicantes
1840 1761 1935 1825 super

510 1834 617 1902 ,mulas
630 1834 727 1912 albas,
743 1838 775 1900 in
789 1837 912 1916 signum
928 1835 1148 1900 manidoenttaa
1164 1841 1196 1900 et
1209 1836 1383 1901 donationis
1396 1835 1485 1902 tundi
1501 1837 1640 1902 melariae
1654 1853 1762 1903 amore
1776 1839 1827 1904 dei
1846 1841 1932 1904 tectu

515 1931 555 1998 eb
568 1934 695 2014 anduno
711 1949 766 2015 per
781 1933 937 2016 mendam
950 1931 1145 2012 pelleterinm
1159 1947 1263 1998 amora
1277 1933 1381 1996 divim
1395 1931 1577 2013 impulsum,
1600 1935 1697 2015 recipi
1711 1935 1842 2000 debeant
1861 1953 1930 2000 eum

514 2031 682 2096 cerimonia
692 2037 722 2095 et
735 2031 870 2094 vestibus
881 2027 1120 2093 sacerdotalibus
1131 2037 1160 2092 et
1173 2047 1243 2094 conr
1257 2047 1348 2096 cruce
1362 2045 1418 2112 per
1428 2031 1570 2096 dominos
1585 2033 1749 2096 manicos
1762 2040 1793 2096 et
1805 2037 1932 2096 comites

514 2125 733 2208 Lugdunenses
753 2131 785 2190 et
803 2125 966 2204 introduci,
985 2132 1054 2206 post
1072 2127 1263 2192 cavalcadam
1281 2129 1392 2192 tecum
1415 2127 1450 2192 in
1464 2125 1575 2209 platea
1600 2127 1632 2192 in
1654 2126 1816 2192 ecclesiam
1829 2129 1931 2191 saneti

514 2225 654 2302 Josnuis,
673 2223 706 2287 in
726 2223 834 2287 ordine
847 2221 968 2300 decom,
983 2223 1035 2287 ubi
1049 2221 1121 2286 dicti
1143 2223 1283 2303 magistri
1294 2221 1447 2303 pelleterii
1458 2223 1593 2288 otisrunt
1605 2231 1635 2288 et
1653 2223 1807 2304 recipiunt
1820 2239 1929 2304 panem

513 2319 708 2386 benedictum
723 2335 777 2400 per
790 2335 902 2384 manus
917 2319 1010 2384 unius
1027 2319 1165 2383 canonici
1181 2325 1213 2384 et
1224 2319 1346 2384 comitis
1358 2317 1582 2400 Lugdunensis,
1598 2319 1652 2400 qui
1666 2325 1738 2382 tnnc
1748 2319 1930 2400 percepitu-

513 2415 580 2482 lum
599 2417 742 2493 mittitur,
764 2416 796 2480 in
813 2431 1044 2496 recompensem
1058 2421 1088 2479 et
1102 2413 1425 2480 commemorationem
1441 2414 1615 2478 donadcnis
1629 2413 1668 2477 de
1685 2414 1781 2478 tundo
1790 2411 1928 2478 ecelesias

513 2511 681 2592 antiquitus
700 2513 802 2588 iactae3
826 2511 939 2576 idcirco
960 2527 1016 2575 nos
1030 2509 1216 2591 llaynaldus,
1232 2509 1369 2575 aecimis
1392 2509 1605 2590 Lugdunensis
1629 2511 1769 2576 minister
1788 2508 1926 2584 humilis,

512 2615 664 2692 requestaa
684 2611 747 2674 sire
767 2606 983 2690 supplicationi
1005 2607 1224 2686 magistrorum
1239 2605 1468 2690 pelleteriorum
1482 2607 1612 2672 ciuitatis
1635 2607 1849 2687 Lugdunensis
1875 2621 1932 2686 per

512 2707 637 2772 Petrum
651 2705 820 2780 lidalberti,
840 2719 949 2768 eorum
961 2703 1132 2784 syndicum,
1149 2704 1237 2768 nobis
1255 2709 1448 2786 presentata
1467 2703 1575 2772 mole
1588 2711 1758 2768 eminentes
1772 2721 1826 2768 sen
1841 2705 1929 2783 quasi

512 2799 746 2876 nauseantes,
761 2799 957 2866 concedimus
970 2815 1024 2864 seu
1035 2799 1256 2863 confirmamus
1268 2815 1323 2881 per
1335 2806 1512 2881 presentes,
1526 2799 1565 2864 de
1575 2798 1729 2865 voluntate
1740 2807 1771 2864 at
1784 2815 1928 2880 expresso

512 2911 664 2966 roumnsu
674 2895 801 2980 capituli
815 2902 846 2959 et
857 2895 1053 2960 dominorum
1067 2897 1283 2961 mosaicorum
1298 2897 1445 2962 comitum
1456 2897 1609 2977 Lugduni,
1626 2897 1708 2978 quod
1726 2897 1799 2964 dieti
1812 2895 1929 2974 mags

511 2993 553 3058 tri
566 2991 727 3076 pedaterii,
743 3007 796 3056 seu
811 2991 872 3054 duo
893 3007 930 3054 er
949 2990 1084 3070 audonis
1106 2991 1144 3055 de
1160 2996 1226 3055 arte
1242 2991 1381 3072 ipsoram
1400 2989 1638 3073 peileteriorum,
1657 2992 1746 3071 juxta
1753 2979 1866 3054 seriem
1880 2989 1928 3052 sui

511 3090 631 3170 antiqui
645 3084 809 3171 privilegii,
825 3088 942 3169 possint
954 3093 986 3151 et
1001 3087 1120 3150 valeant
1140 3085 1246 3162 libere,
1266 3088 1369 3168 quiete
1383 3095 1414 3152 et
1427 3089 1553 3170 pacifice
1575 3087 1669 3152 ritum
1687 3093 1717 3152 et
1735 3084 1926 3152 ceremonias

512 3185 656 3268 praelatas
670 3186 768 3250 tecue
780 3179 912 3263 singuiis
925 3184 1024 3262 annis,
1034 3184 1066 3248 in
1076 3185 1152 3249 testo
1166 3184 1268 3248 Sancti
1282 3185 1423 3260 loannis,
1437 3181 1553 3250 scilicet
1565 3182 1833 3266 processionaliter
1846 3179 1927 3244 ince-

502 3283 670 3350 darocam
683 3281 957 3358 iseibusacceuais,
973 3288 1003 3346 et
1018 3279 1161 3346 madere
1174 3297 1273 3362 usque
1290 3282 1323 3346 in
1342 3279 1474 3363 plateam
1487 3281 1590 3346 sancti
1610 3280 1738 3346 loannis
1757 3293 1829 3343 cum
1846 3277 1927 3340 duo-

511 3381 570 3448 bas
582 3377 736 3461 magistris
752 3377 919 3461 palleteriis
932 3393 1026 3458 super
1038 3373 1139 3440 mulas
1157 3375 1242 3441 albas
1253 3373 1478 3443 caraloantlbus
1493 3382 1564 3440 ante
1580 3377 1660 3440 iores
1673 3373 1810 3440 ecelesia
1824 3375 1927 3438 Sancti

511 3475 649 3552 lenanu,
662 3481 694 3540 at
704 3474 835 3540 debeant
845 3481 950 3558 postea
966 3473 1061 3555 recipi
1072 3472 1224 3551 mordine
1235 3472 1347 3538 decoro
1357 3487 1429 3538 cum
1447 3473 1620 3538 ceremonia
1632 3477 1663 3538 et
1676 3471 1812 3536 salbus
1825 3485 1930 3534 sacen

511 3569 666 3638 dotalibus
684 3577 715 3636 ct
730 3573 822 3636 attam
838 3585 909 3638 eum
928 3585 1019 3636 cruce
1042 3585 1097 3651 per
1111 3567 1253 3634 dominos
1267 3569 1429 3634 mendicos
1443 3575 1474 3634 et
1491 3567 1617 3635 comites
1630 3567 1772 3648 Lugduni
1782 3573 1814 3631 et
1827 3567 1942 3634 intro,
1995 3566 2003 3583 '

511 3669 594 3746 duci,
606 3673 677 3749 post
688 3665 882 3744 cavalcadam
899 3667 1011 3732 mum
1022 3665 1056 3730 in
1074 3663 1185 3746 platee,
1207 3665 1241 3729 in
1261 3663 1421 3732 eccluiam
1433 3666 1536 3731 Sancti
1547 3669 1566 3732 J
1570 3665 1690 3743 omna,
1703 3670 1734 3730 et
1744 3663 1787 3730 ibi
1798 3639 1937 3728 odera}
1954 3639 1967 3664 ⁸

512 3761 627 3845 singuli
640 3761 790 3846 pelleterii
803 3768 835 3828 et
845 3761 994 3844 recipiant
1007 3775 1118 3842 panem
1131 3757 1328 3828 benedictum
1346 3777 1401 3844 per
1414 3777 1524 3828 manus
1538 3765 1629 3830 unius
1640 3762 1679 3827 do
1691 3759 1828 3826 dominis
1840 3773 1928 3824 cano

507 3861 629 3943 piciset
642 3859 806 3928 comitibus
819 3859 961 3946 Lugduni
979 3859 1150 3924 redonibus
1165 3859 1329 3940 praetactis,
1340 3865 1371 3924 et
1383 3859 1450 3924 bne
1464 3861 1569 3926 omnia
1581 3861 1657 3942 ipsis
1669 3857 1826 3936 magistris
1839 3851 1929 3936 petie·

511 3959 597 4027 teriia
609 3965 639 4024 et
657 3957 714 4024 tibi
738 3953 914 4033 adalberto,
930 3955 1055 4037 syndico
1074 3953 1309 4037 prenominato,
1332 3955 1376 4022 sic
1389 3957 1555 4023 annuimus
1574 3973 1630 4039 pro
1647 3960 1734 4038 parte
1748 3953 1930 4034 ipsammet

511 4045 728 4124 confirmamus
751 4058 931 4138 praetactum
944 4049 1139 4133 privilegium
1154 4065 1211 4132 pro
1236 4051 1380 4134 prasenti
1393 4057 1425 4116 st
1444 4053 1547 4118 tuturo
1567 4059 1672 4127 aurea
1697 4055 1728 4115 et
1749 4049 1783 4114 in
1805 4049 1929 4128 signum

512 4153 744 4236 premissorum
753 4151 797 4216 sie
809 4164 1035 4224 concessorum,
1049 4146 1247 4228 precipimus
1259 4147 1315 4212 tibi
1328 4146 1464 4212 dmaldo
1476 4148 1515 4213 de
1533 4147 1689 4230 Ceparia,
1704 4143 1929 4236 nourinberc

510 4247 783 4314 emmmsedbers.
805 4249 909 4312 Testes
932 4245 1175 4310 iaemntPstaua
1196 4239 1341 4320 odolrici,
1364 4239 1467 4324 logum
1489 4238 1927 4321 dornatrutdusdepodio,

510 4345 687 4428 capellanus
710 4343 774 4408 mei
786 4339 947 4425 Regnaldi,
963 4339 1168 4420 berengarius
1190 4339 1337 4420 Apmsril,
1362 4337 1546 4419 licentiatus,
1568 4343 1744 4420 Rosngnas
1764 4333 1929 4410 Pellitos-ii,

509 4439 703 4524 capellanus,
727 4447 759 4505 at
780 4437 884 4522 plures
906 4437 969 4503 alii.
997 4439 1061 4518 ligo
1088 4435 1266 4518 Ragnaldus
1283 4435 1343 4502 boc
1364 4435 1489 4517 signum
1507 4435 1625 4520 iecit†.
1646 4439 1710 4518 ligo
1723 4428 1880 4500 Amuidus
1893 4431 1931 4494 dr

513 4537 658 4618 capraria
680 4535 848 4620 subscripsi
861 4541 892 4600 st
913 4533 1043 4616 apposui
1066 4532 1190 4614 signum
1209 4547 1314 4598 meum
1334 4533 1368 4598 in
1390 4535 1483 4599 tidem
1506 4533 1748 4618 promissorum,
1775 4526 1930 4606 Lugduni,

512 4633 614 4698 idibus
622 4631 713 4714 junii,
725 4647 806 4696 anno
820 4631 943 4694 bomini
957 4625 1121 4692 millesimo
1136 4627 1346 4692 ducentesimo
1359 4635 1477 4694 octavo.

753 4737 861 4820 {Cepis
878 4733 914 4799 de
930 4731 962 4798 lu
981 4735 1029 4816 pte
1049 4731 1094 4798 du
1115 4729 1225 4798 XVIP.
1241 4765 1283 4780 -
1296 4729 1443 4800 Aretioer
1462 4734 1507 4800 du
1527 4734 1642 4808 lttdsu,
1659 4729 1782 4797 actaea
1800 4724 1937 4792 destitute

809 4849 868 4898 rur
883 4829 912 4897 te
929 4831 1011 4896 dor:
1029 4829 1158 4902 Puteum
1178 4839 1207 4895 et
1223 4845 1283 4894 eur
1296 4827 1324 4895 le
1333 4829 1429 4915 plot:
1453 4833 1541 4896 Lirro
1558 4831 1597 4894 ds
1616 4833 1725 4893 statute
1743 4829 1933 4892 comment

812 4923 919 4994 l’office
938 4927 1021 4991 divin
1041 4925 1079 4990 de
1099 4923 1216 5004 l’egltss
1239 4923 1396 5008 de-Lyom
1417 4928 1561 4996 dammas
1587 4933 1705 5000 turm
1731 4919 1858 5032 sobnae
1876 4919 1930 4994 35,

808 5025 997 5111 pietur.)
1127 5067 1129 5072 ,
