4300 6054
519 801 577 866 tta
839 819 1064 870 cervunrnn‘un
1085 801 1220 870 recusa
1239 821 1279 870 un
1299 819 1617 873 nvom-ttcvrcnean.

517 931 588 996 lorti
615 933 656 1016 (1)
673 936 753 998 bone
775 938 933 1010 memorie,
954 937 1086 1018 decanus
1109 937 1202 1016 hujus
1221 939 1349 1002 ecclesie
1368 946 1400 1003 et
1426 939 1533 1004 dcctcr
1557 941 1760 1015 decretarum,
1780 939 1835 1020 qui
1857 935 1932 1000 nuic

515 1033 642 1095 ecclesie
661 1031 904 1096 anniversarium
931 1049 1021 1096 suum
1044 1035 1138 1113 supra
1158 1034 1285 1098 domum
1308 1048 1396 1099 suam
1421 1041 1492 1100 ante
1516 1037 1678 1100 ecclesiam
1698 1036 1933 1116 Lugdunensem

515 1130 706 1204 existentem,
724 1135 754 1192 et
769 1144 861 1208 super
879 1135 1001 1208 pratum
1020 1145 1122 1204 suum,
1142 1129 1226 1211 quud
1243 1136 1291 1194 est
1308 1131 1390 1210 apud
1406 1132 1530 1206 Ansam,
1549 1133 1684 1214 reliquit,
1699 1129 1878 1197 librandum
1899 1131 1933 1194 in

516 1225 598 1290 hunc
611 1225 739 1289 modum
755 1241 762 1288 :
776 1224 915 1288 videlicet
927 1225 1070 1288 omnibus
1082 1211 1237 1290 canonicis
1253 1231 1283 1290 et
1302 1227 1515 1308 incorporatis,
1530 1229 1583 1308 qui
1595 1233 1751 1308 presentes
1769 1229 1886 1292 tuerint
1898 1227 1932 1289 iu

515 1325 673 1389 matutinis
695 1331 889 1389 mortuorum
908 1323 979 1388 dicti
1000 1326 1202 1389 anniversarii
1224 1343 1322 1408 usque
1344 1327 1383 1390 ad
1401 1328 1558 1408 psalmum
1582 1325 1788 1404 Eccitabaat,
1808 1327 1934 1392 cuilibet

516 1423 627 1487 dentur
639 1439 693 1486 sex
707 1423 823 1486 denarii
834 1422 1056 1485 viennensium.
1070 1425 1147 1485 Item
1161 1423 1277 1486 eisdam
1291 1423 1434 1487 similiter
1444 1425 1599 1488 canonicis
1610 1426 1862 1506 etinccrporatis,
1878 1428 1933 1506 qui

515 1519 685 1582 intererunt
695 1524 852 1600 presentes
867 1517 1004 1581 inmissa
1018 1517 1089 1580 dicti
1102 1518 1303 1582 anniversarii
1317 1519 1469 1599 usquead
1483 1525 1591 1604 Agaue
1601 1521 1666 1596 Dei,
1684 1521 1810 1590 cuilibet
1821 1521 1933 1584 dentur

509 1631 569 1678 sar
583 1615 699 1678 denarii
712 1615 936 1679 viennensium.
957 1618 1033 1678 ilem
1055 1613 1181 1679 cuilibet
1197 1617 1416 1696 predictorum,
1437 1619 1490 1696 qui
1511 1625 1668 1698 presentes
1683 1619 1797 1682 luerint
1814 1619 1846 1682 iu
1861 1633 1933 1680 ves-

516 1711 599 1791 peris
611 1718 805 1776 mcrtucrum
821 1713 892 1776 dicti
911 1713 1112 1775 anniversarii
1127 1729 1225 1792 usque
1245 1712 1284 1775 ad
1302 1710 1494 1796 magnificat,
1515 1730 1568 1776 sex
1586 1714 1704 1778 denarii
1718 1713 1932 1776 viennensium

516 1806 636 1870 dentur.
657 1809 695 1870 Et
714 1806 780 1870 vuit
797 1807 880 1888 quod
899 1807 1026 1888 predicti
1046 1808 1183 1872 canonici
1204 1809 1439 1890 etinccrpcrati
1461 1810 1575 1874 intrent
1597 1811 1635 1874 ad
1655 1809 1782 1876 missam
1803 1809 1932 1890 predicti

516 1905 725 1979 anniversarii,
745 1907 824 1970 sicut
837 1905 877 1968 ad
894 1921 1040 1984 magnam
1057 1905 1184 1970 missam
1204 1906 1237 1968 in
1254 1907 1350 1970 circrc
1363 1907 1477 1971 intrare
1493 1913 1726 1974 consueverunt.
1743 1910 1821 1970 item
1835 1904 1933 1970 valuit

514 2002 700 2082 etprecepit
710 2003 793 2082 quod
808 2001 978 2082 capellano,
994 2002 1047 2082 qui
1062 2001 1231 2083 predictam
1246 2004 1373 2068 missam
1391 2005 1591 2068 anniversarii
1605 2005 1665 2068 mci
1685 2001 1864 2075 celebrabit,
1877 2017 1932 2065 sex

517 2099 637 2162 denarii
652 2099 866 2162 viennensium
885 2098 1007 2162 dentur.
1028 2101 1104 2162 Item
1127 2098 1226 2162 eidem
1245 2099 1374 2164 ecclesie
1397 2109 1464 2165 octc
1492 2101 1634 2165 marchas
1655 2099 1774 2180 argenti
1794 2098 1880 2163 dedit
1901 2105 1932 2160 et

515 2192 642 2274 reliquit
654 2194 692 2256 ad
716 2193 867 2258 faciendas
879 2209 935 2274 per
947 2199 1122 2257 executores
1136 2209 1208 2258 suos
1223 2193 1300 2258 duos
1319 2193 1459 2276 paluines
1480 2215 1535 2260 seu
1558 2197 1666 2263 bacina
1684 2202 1715 2260 et
1734 2210 1833 2258 unum
1851 2195 1932 2256 turi-

514 2287 623 2354 bulum
639 2289 820 2352 deauratum
832 2289 871 2352 ad
890 2287 1085 2352 serviendum
1099 2288 1226 2353 ecclesie
1242 2289 1425 2370 supradicte.
1446 2296 1521 2356 item
1539 2309 1651 2372 magne
1669 2291 1838 2356 elemosine
1849 2290 1930 2354 dicte

399 2387 404 2404 '
514 2386 639 2450 ecclesie
660 2385 873 2464 Lugdunensis
894 2402 946 2449 sex
962 2385 1095 2448 asinatas
1116 2385 1246 2466 siliginis
1260 2385 1355 2450 semel
1375 2387 1467 2452 dedit.
1493 2391 1570 2452 Item
1585 2389 1699 2454 fabrica
1712 2388 1840 2452 ecclesie
1858 2404 1931 2468 pre-

514 2483 594 2556 dicta
621 2481 728 2561 viginti
751 2481 846 2547 libres
878 2481 1093 2546 viennensium
1124 2478 1220 2546 semel
1250 2481 1344 2546 dedit.
1373 2484 1452 2548 Imm
1474 2483 1564 2548 altari
1584 2485 1690 2548 crucis
1715 2482 1930 2563 Lugdunensis

516 2577 662 2644 Caclidcs
675 2577 770 2644 semel
784 2575 867 2644 dedit
877 2594 933 2658 prc
943 2575 1140 2658 acquirendis
1149 2577 1285 2658 quinque
1300 2577 1406 2646 solidis
1419 2579 1515 2642 annui
1530 2579 1667 2668 redditus
1679 2579 1882 2666 servitopibus
1897 2579 1930 2641 in

516 2675 697 2742 dictcaitari
715 2673 915 2756 applicandis.

552 2815 590 2864 ιιι
609 2799 728 2867 Nonas.
751 2829 832 2848 --
857 2797 1008 2863 obierunt
1018 2796 1177 2873 Martinus,
1195 2797 1451 2877 praebitam-et
1463 2798 1674 2874 llumbuldns,
1689 2799 1928 2863 benememcrie

515 2893 728 2976 Lugdunensis
738 2895 987 2976 archiepiscopum
1000 2892 1051 2976 (2),
1067 2893 1122 2974 qui
1135 2893 1219 2958 dedit
1232 2895 1343 2958 sancta
1357 2894 1513 2974 Stephano
1529 2893 1591 2958 duc
1602 2894 1822 2974 praecelsam
1837 2891 1930 2974 pallia

516 2996 641 3076 ducum
653 2993 809 3058 erminitte
821 2995 959 3074 quinque
969 2994 1167 3058 marcharum
1180 3000 1334 3074 argentea,
1354 3001 1384 3058 et
1399 2993 1477 3058 dues
1488 3011 1596 3076 capsas
1611 2995 1772 3069 eburneas,
1791 3001 1823 3057 et
1835 3009 1930 3056 unum

513 3089 715 3166 atuibtsiuvu,
731 3096 762 3156 at
773 3089 1053 3173 adqubivitdcmui
1066 3105 1121 3156 suc
1138 3091 1177 3156 ab
1190 3092 1430 3171 Hugcneani
1445 3091 1484 3174 (3)
1501 3093 1648 3172 quiequid
1665 3091 1800 3156 habebat
1818 3091 1851 3154 iu
1871 3090 1930 3154 bae
1997 3133 2007 3146 .

513 3187 635 3251 civitate
654 3187 740 3252 etin
752 3193 858 3253 munte
877 3187 980 3253 Aurea
1003 3187 1042 3271 (1)
1064 3202 1119 3270 pre
1137 3185 1225 3252 mille
1241 3188 1426 3270 ccdngantis
1446 3187 1571 3265 scidis,
1586 3195 1618 3252 et
1636 3187 1676 3254 ab
1698 3184 1928 3268 iquinensibus

494 3357 498 3365 ,
513 3283 637 3364 cybaria
656 3283 822 3366 adquisivit
841 3283 927 3350 mille
943 3291 973 3350 et
991 3285 1135 3350 umentis
1154 3285 1271 3350 solidis.
1287 3285 1325 3348 In
1342 3283 1466 3364 gageria
1483 3281 1522 3347 de
1543 3285 1659 3348 cosona
1680 3280 1719 3364 (5)
1746 3279 1929 3362 quingentas

512 3379 636 3446 sclidca.
667 3380 832 3448 cellarium
859 3383 962 3448 sanai
987 3383 1120 3448 ltcmani
1146 3381 1190 3463 (5)
1224 3387 1404 3462 amparare
1428 3377 1599 3454 ediileavit;¹
1626 3379 1659 3442 in
1689 3377 1793 3440 clausu
1823 3375 1928 3440 Sancti

512 3479 635 3542 danesii
650 3477 689 3562 (7)
707 3483 831 3544 centum
848 3477 1143 3554 calidoniensem
1163 3477 1202 3542 de
1219 3475 1387 3544 Passennis
1408 3473 1450 3558 (8)
1467 3481 1600 3556 quacior
1617 3473 1728 3546 libras:
1748 3473 1782 3536 in
1798 3469 1929 3535 ecclesia

512 3573 550 3639 de
563 3572 773 3657 salvagicste)
784 3575 931 3655 vigintiet
942 3579 1004 3640 tres
1013 3575 1119 3648 libras
1133 3575 1167 3640 ln
1178 3571 1354 3641 deciniede
1366 3571 1547 3638 ambariaco
1557 3569 1616 3654 (10)
1626 3569 1786 3650 scmginta
1798 3565 1925 3640 solidus.

512 3658 704 3738 lledietmem
716 3671 844 3738 ecclesie
855 3671 893 3738 de
906 3673 1021 3738 iterans
1036 3669 1095 3753 (11)
1111 3669 1287 3752 adquisivit.
1308 3666 1475 3734 Ecclesiam
1484 3667 1522 3732 de
1536 3665 1665 3732 sichem
1681 3665 1704 3750 (1
1712 3663 1753 3748 i),
1768 3661 1928 3729 ecclesiam

544 3941 578 4005 (1)
594 3943 668 3992 llanrl
679 3943 708 3992 de
720 3942 855 4004 llcebeicrt,
865 3943 903 3994 din
915 3941 992 4006 dcyen
1003 3957 1033 3992 en
1043 3945 1181 4006 1521515111
1292 3943 1326 4007 (t)
1343 3941 1375 3990 le
1384 3939 1529 4001 licut-d'Or,
1542 3945 1598 4004 pres
1612 3941 1641 3990 de
1650 3939 1725 4002 bpon.

512 4021 533 4070 ie
553 4021 670 4076 mamoedi
688 4025 759 4086 apres
773 4021 795 4071 ta
806 4021 934 4072 Tcusenint
954 4025 1025 4083 1551,
1045 4029 1070 4071 ct
1082 4023 1180 4072 institue
1291 4020 1326 4084 (5)
1344 4021 1450 4080 canaan,
1462 4021 1587 4069 eentcnde
1598 4019 1704 4068 Nauvitle
1715 4019 1826 4082 aliudne).

510 4115 573 4163 punt·
585 4115 623 4151 see
634 4103 746 4152 beriticus
755 4099 860 4166 denique
868 4102 988 4152 etGirard
997 4102 1026 4151 da
1041 4101 1178 4163 Rcshsicrt,
1291 4099 1326 4164 (5)
1343 4099 1689 4150 salut-Ramuin-de-Ccurou.

511 4181 656 4242 chevaliers„
671 4195 709 4230 aas
727 4181 803 4230 ireres
822 4179 903 4244 (irati.
921 4181 952 4230 dn
972 4181 1063 4241 illudne,
1083 4195 1141 4229 mss.
1158 4179 1178 4242 l,
1291 4178 1333 4243 (7)
1358 4179 1644 4241 Salat-Geuis-lnvnl,
1671 4179 1871 4229 amandissemeut
1899 4181 1930 4228 dc

509 4263 615 4322 “imp
630 4259 1177 4323 tii),quivandlrent,lettusptembretddi‚
1259 4257 1337 4322 lipom.
1570 4307 1572 4314 ,

510 4353 537 4387 ea
553 4340 644 4388 mulsea
661 4339 738 4390 abate
754 4339 814 4388 dm
832 4339 854 4386 la
871 4341 955 4388 clcttrs
974 4340 1005 4388 du
1017 4339 1133 4402 ebnpitre,
1148 4351 1180 4386 eu
1290 4339 1325 4404 (a)
1342 4337 1584 4396 Paesinacntcnda
1595 4337 1705 4388 licrestei
1720 4337 1819 4402 (latreii

510 4417 627 4464 macine
650 4415 783 4466 Guillnme
809 4415 839 4464 de
863 4417 969 4480 Tburey.
992 4415 1064 4481 (ibid.
1088 4417 1177 4478 tuccia
1289 4416 1324 4482 (1)
1341 4415 1881 4481 basSuuvagas,eantcndcTarnrailiirdna).

510 4495 558 4544 vol.
571 4497 610 4554 21,
621 4502 649 4542 tt⁰
660 4492 696 4557 2.)
1287 4497 1338 4564 (111)
1353 4499 1515 4548 lmbtrieux-
1524 4497 1682 4564 d'daergues,
1714 4506 1800 4548 ceuton
1832 4497 1924 4543 d'tuse

540 4571 575 4635 (2)
592 4571 736 4634 buleus,
748 4571 847 4622 dabard
863 4575 1008 4624 erabitiiaere
1021 4575 1132 4636 d'dutun,
1142 4574 1179 4624 tet
1258 4575 1369 4642 (Rhene).

510 4652 548 4704 ttu
564 4652 714 4722 uvebevtque
729 4651 759 4700 da
773 4651 840 4714 byca
856 4666 886 4700 eu
907 4655 976 4714 ttts,
994 4661 1018 4702 et
1037 4661 1135 4704 mourut
1155 4653 1178 4702 ie
1289 4655 1339 4721 (11)
1356 4657 1461 4718 11515151,
1469 4657 1584 4708 ancienne
1594 4656 1702 4720 paraisse
1709 4653 1861 4718 eulcurd'hui
1869 4665 1930 4714 sup·

510 4733 664 4784 inavembre
681 4737 749 4782 1128.
761 4732 799 4798 (i.
816 4733 891 4784 Gallia
905 4736 1045 4798 1311111511,
1060 4739 1122 4794 ttae
1133 4735 1178 4786 Se-
1256 4736 1347 4798 primee
1358 4743 1383 4784 et
1393 4737 1499 4784 reunion
1515 4737 1537 4784 lu
1552 4749 1677 4784 commune
1694 4734 1723 4784 de
1741 4731 1926 4782 Scinti'rivier·

509 4819 570 4873 νοτ),
579 4825 603 4862 c.
615 4811 642 4872 1.,
651 4826 677 4876 p.
686 4815 749 4870 ater
761 4811 881 4875 bellura,
889 4815 991 4880 pili.)
1257 4815 1442 4878 ηιμ-1151311151.

540 4887 575 4952 (t)
590 4889 636 4938 Get
648 4887 744 4952 lingum
756 4889 823 4940 Bran
846 4889 919 4940 viruit
933 4904 1019 4941 ancara
1035 4903 1090 4941 vert
1106 4893 1174 4939 1115.
1288 4891 1338 4957 (15)
1354 4894 1474 4956 armins,
1484 4903 1570 4944 centon
1581 4895 1609 4944 de
1623 4887 1931 4942 sandrimer-mellot-

511 4967 548 5032 (11.
562 4967 587 5016 Ρ.
597 4967 618 5016 l.
631 4966 753 5029 d'lubrea
762 4981 787 5032 p.
799 4967 851 5032 55.)
993 4991 995 4998 ⁴
1258 4987 1333 5036 gnam
1343 4971 1419 5036 (bin).
