4330 6050
604 845 769 900 oerruarnu
791 853 829 898 nn
852 826 985 899 diense
1006 849 1044 898 nr
1066 847 1299 900 trem—stru.
1617 833 1655 898 53

245 957 406 1029 siadeoem
423 963 532 1028 vitreas
546 964 691 1029 rotundas
709 963 775 1026 deri
796 964 876 1038 lecit,
897 965 974 1028 etin
993 968 1094 1028 llonte
1114 963 1214 1028 dureo
1240 963 1366 1026 domum
1381 961 1418 1026 de
1442 962 1564 1043 capelle
1586 981 1657 1027 cum

244 1068 330 1126 turre
348 1067 525 1142 sumptuose
534 1061 704 1136 aedificavit,
718 1067 748 1124 et
760 1059 879 1123 vineam
892 1061 995 1124 elauso
1009 1061 1196 1140 adjacentem
1214 1060 1252 1122 de
1268 1059 1400 1140 quedam
1418 1058 1539 1122 sellaria
1561 1062 1658 1140 pretio

245 1158 406 1238 aequisivit
414 1159 452 1221 de
478 1159 606 1234 vicardo
622 1157 834 1222 Montisdurei
852 1157 974 1232 vicario,
996 1158 1103 1236 viginti
1125 1163 1186 1222 tres
1212 1173 1319 1237 poroos
1344 1161 1375 1219 et
1394 1155 1566 1230 dimidium,
1581 1174 1657 1238 quos

246 1257 352 1336 ipseet
364 1263 566 1320 antecessores
576 1257 641 1334 ejus
657 1256 768 1334 injuste
778 1255 950 1318 invaserant
966 1273 1038 1318 cram
1054 1253 1251 1318 totidemvini
1266 1253 1405 1316 sextariis
1416 1259 1446 1316 et
1466 1255 1658 1333 septuaginta

247 1354 378 1432 panibus
401 1353 547 1416 iratribus
561 1351 730 1432 acquisivit,
753 1357 782 1414 et
805 1351 886 1430 apud
910 1353 1024 1414 Ansam
1043 1353 1082 1414 alt
1103 1353 1233 1430 Hugone
1254 1353 1420 1414 sarraceno
1434 1349 1561 1414 domurn
1580 1352 1657 1412 turri

250 1449 402 1512 consulari
422 1449 628 1512 adherentem
648 1448 732 1522 emit,
753 1446 879 1510 domum
893 1463 1015 1528 quoque
1025 1448 1236 1511 obedientiarii
1249 1446 1288 1509 ad
1300 1447 1417 1510 canalia
1434 1463 1531 1525 usque
1550 1462 1658 1510 mura-

248 1549 301 1621 ut,
315 1553 345 1611 et
357 1553 507 1626 quantum
530 1544 640 1624 lapidis
662 1551 691 1608 et
709 1543 800 1607 caleis
820 1545 852 1606 in
869 1545 990 1624 reliquo
1007 1551 1070 1608 tam
1081 1545 1113 1608 in
1128 1551 1212 1608 turre
1223 1561 1315 1624 quam
1328 1545 1360 1606 in
1372 1544 1654 1624 aliisneoessprium

137 1711 146 1730 ,
249 1646 347 1708 luerat
357 1644 544 1724 comparavit
553 1643 592 1705 de
604 1641 757 1706 Viclrerdo
771 1641 808 1704 de
823 1641 999 1706 Morolreant
1012 1642 1063 1722 ll];
1081 1642 1206 1706 domum
1219 1643 1250 1706 in
1262 1642 1360 1720 burgo
1372 1658 1428 1722 pro
1443 1641 1572 1720 trigenta
1583 1639 1658 1703 soli-

252 1742 299 1804 dis
309 1741 340 1803 in
352 1739 526 1803 vadimonio
538 1737 653 1818 accepit
666 1753 674 1810 ;
688 1737 725 1800 de
735 1736 867 1802 iordane
883 1737 920 1802 de
930 1741 1031 1802 llonte
1042 1739 1161 1802 Loeello
1175 1737 1213 1818 (il
1230 1739 1405 1818 piscatorias
1423 1738 1505 1818 apud
1517 1741 1661 1802 Sarrotum

248 1837 438 1902 Bernardum
453 1836 490 1916 (3)
506 1851 598 1915 super
609 1833 729 1898 Ararim
741 1850 796 1914 pro
810 1849 862 1898 ser
871 1834 982 1898 mercis
994 1835 1111 1914 argenti
1122 1835 1154 1898 in
1166 1833 1339 1898 vadimonio
1353 1836 1493 1914 sumpsit,
1505 1841 1535 1898 et
1550 1837 1660 1900 Sancte

249 1935 404 2014 Stephano
416 1933 498 1996 dedit
512 1931 565 1994 tali
579 1937 693 2004 tenore,
708 1935 742 1992 ut
755 1929 1150 2009 ipsorumvedemonierum
1162 1929 1276 1994 reditus
1286 1930 1397 1993 haheat
1407 1930 1654 2006 obedientiarius,

249 2037 279 2094 et
298 2047 369 2095 cum
391 2030 547 2109 redempta
566 2027 678 2090 luerint
696 2025 831 2090 eeclesiae
848 2025 992 2090 reddatur
1005 2027 1158 2106 -peounia3
1182 2027 1219 2088 de
1239 2027 1351 2090 Milone
1368 2029 1406 2090 de
1426 2029 1547 2092 Leisseu
1568 2045 1660 2109 super

248 2131 428 2206 Murgonem
441 2125 479 2206 ll)
495 2123 706 2188 molendinum
719 2137 776 2201 pro
789 2121 894 2184 decem
908 2121 995 2185 libris
1011 2123 1042 2184 in
1061 2122 1268 2185 vadimonium
1282 2123 1408 2204 aceepit,
1431 2127 1517 2204 cujus
1541 2127 1657 2188 tructus

249 2229 279 2284 st
290 2223 450 2302 pecuniam
462 2237 532 2284 oum
548 2237 644 2300 eappa
657 2225 788 2299 quatuor
811 2219 1008 2281 marcharum
1026 2217 1216 2280 eleemosinae
1239 2218 1365 2297 largitus
1379 2225 1437 2293 est;
1456 2221 1495 2282 ad
1520 2219 1656 2283 tabulam

250 2319 418 2382 taciendam
428 2324 560 2398 quatuor
571 2315 677 2381 uncias
688 2316 754 2378 auri
770 2322 799 2378 et
810 2315 871 2378 duo
886 2321 986 2394 tapeta
997 2329 1067 2378 eum
1078 2314 1174 2376 serico
1189 2323 1289 2392 panno
1306 2315 1342 2376 ad
1358 2315 1526 2379 taciendam
1540 2315 1662 2379 albam.¹

250 2417 340 2477 -Et
353 2415 554 2488 Hombertus,
568 2412 737 2475 monachus
751 2409 845 2476 Vallis
861 2410 968 2474 Clusae.
988 2399 995 2412 '

291 2541 376 2600 lnus.
391 2571 472 2582 —-
486 2536 636 2600 obierunt
647 2533 825 2614 lirlulphus,
842 2533 1007 2612 presbiter3
1023 2566 1062 2578 -
1073 2533 1221 2612 Aquinus,
1237 2534 1457 2608 subdiaconus;
1475 2545 1555 2600 —et
1574 2539 1663 2603 llnal-

252 2635 299 2697 dis
308 2633 433 2705 lemine;
447 2665 485 2680 -
498 2638 528 2696 et
537 2631 644 2705 Bollio,
660 2645 821 2693 conversus
836 2631 1007 2700 Portarum
1020 2633 1101 2690 —et
1114 2629 1311 2704 immitentes,
1327 2631 1476 2704 laieus;-
1485 2639 1515 2694 et
1524 2637 1661 2710 Pontius,

255 2728 395 2793 sacerdos
409 2734 439 2791 et
448 2724 675 2808 eanonicuslts),
689 2723 742 2804 qui
754 2723 838 2786 dedit
851 2725 943 2786 Sento
956 2723 1109 2802 Stephano
1122 2723 1240 2786 vineam
1252 2725 1300 2788 del
1310 2729 1412 2802 Preas,
1427 2728 1528 2792 vineas
1540 2729 1615 2793 duas
1625 2731 1663 2793 de

255 2825 373 2905 Tiuloy,
388 2825 491 2888 vineas
506 2825 543 2887 de
556 2823 691 2898 Bordun,
705 2827 735 2885 et
747 2821 808 2884 duo
818 2819 938 2883 curtilia
950 2819 988 2882 de
1004 2836 1059 2880 suo
1072 2821 1183 2894 alodio,
1201 2821 1338 2884 videlieet
1359 2823 1466 2885 curtile
1487 2826 1613 2890 Arneldi
1624 2829 1663 2892 do

253 2925 355 2996 Prato,
367 2921 476 2985 curtile
485 2921 523 2984 de
536 2921 566 2983 la
577 2920 672 3000 lleirp
686 2931 742 3000 pro
751 2914 956 2980 anniversario
969 2931 1024 2976 suo
1039 2916 1205 2979 honorilice
1220 2917 1367 2991 iaciendo,
1390 2919 1421 2980 in
1436 2936 1497 2998 spuo
1509 2923 1664 3001 cappella-

251 3035 311 3082 nus
322 3019 425 3082 saneti
435 3018 567 3081 Romani
578 3017 700 3098 plenam
714 3015 843 3094 accipiat
855 3011 1068 3084 relectionem
1089 3012 1273 3074 deditetlam
1293 3014 1403 3076 Sancto
1426 3015 1579 3094 Stephano
1602 3023 1664 3082 mi-

254 3123 333 3179 tram
350 3115 508 3196 optimam,
521 3120 551 3177 et
560 3111 592 3176 in
606 3128 697 3194 opere
713 3109 837 3189 majoris
851 3107 984 3171 eeclesiae
1005 3109 1117 3184 vigenti
1132 3109 1254 3183 solides,
1268 3117 1298 3172 et
1310 3111 1341 3171 in
1353 3111 1535 3175 eleemosina
1545 3117 1662 3180 minore

259 3213 359 3275 decem
373 3209 495 3274 solidos.
911 3233 914 3238 ·

294 3351 373 3398 nun
387 3335 553 3396 mannas
574 3333 590 3394 J
594 3347 669 3393 uuir.
682 3361 762 3374 --
775 3327 924 3390 Obleruut
935 3323 1113 3420 ddemarus,
1128 3325 1331 3388 subdiaconus
1344 3342 1351 3398 ;
1365 3361 1405 3373 -
1416 3335 1445 3390 ot
1456 3331 1621 3395 Durannus
1635 3341 1666 3396 et

255 3431 439 3512 Stephanus,
453 3428 534 3493 laici,

295 3571 373 3617 xuu.
392 3585 469 3600 --
487 3551 636 3615 Obierunt
657 3547 782 3638 liertho,
800 3544 1016 3618 diaeonus3-
1036 3549 1065 3606 et
1077 3544 1211 3618 samuel,
1237 3549 1399 3625 presbiter;
1415 3587 1449 3602 -
1468 3557 1498 3613 et
1519 3552 1666 3616 Girardus

255 3657 347 3730 atque
369 3649 556 3730 dpglentyna
587 3645 718 3718 lemine,
746 3659 815 3722 quae
852 3640 934 3703 dedit
961 3643 1070 3703 Sancto
1095 3641 1250 3719 Stephano
1281 3644 1392 3722 rigenti
1418 3645 1532 3710 solidos
1557 3655 1587 3712 ot
1617 3667 1668 3714 sex

255 3745 351 3810 albas.

298 3887 362 3934 nur.
374 3869 605 3932 —Obierunt
614 3865 842 3944 Leutgissus3-
851 3867 881 3924 et
894 3861 1096 3941 Hugolaious,
1107 3863 1160 3942 qui
1174 3861 1537 3945 deditsanatostephano
1550 3873 1669 3935 tertiam

260 3962 575 4048 partemeoelesiaede
588 3961 703 4026 Sisillio
725 3959 776 4041 (6);
790 3991 831 4004 -
853 3962 883 4020 et
899 3957 1082 4038 Stephanus,
1105 3960 1282 4032 canonicus3
1305 3968 1386 4022 -et
1397 3962 1549 4040 ertaldus,
1569 3968 1668 4043 miles,

256 4065 312 4143 qui
332 4060 484 4142 guerpivit
505 4058 642 4140 quinque
662 4055 786 4128 solidos,
820 4069 896 4134 quos
927 4053 1083 4132 quaerebat
1112 4054 1142 4116 iu
1186 4055 1313 4119 ecelesia
1343 4059 1445 4120 Sancti
1480 4063 1603 4125 Martini
1634 4066 1672 4128 de

257 4151 361 4224 Strata
375 4157 428 4240 (7);
440 4191 481 4202 -
495 4161 525 4218 et
543 4156 644 4232 liugn,
669 4149 813 4230 Mujerevi
832 4151 917 4229 prior
936 4155 966 4211 et
983 4147 1133 4222 seoerdos;
1151 4157 1228 4212 -et
1249 4151 1336 4214 Almo
1357 4153 1395 4214 de
1407 4137 1535 4220 varenis
1551 4158 1603 4240 (8),
1616 4163 1671 4242 qui

256 4355 426 4420 Lugdunensis
447 4363 471 4403 st
490 4357 563 4418 holos
578 4356 679 4404 ecelesia
697 4353 834 4411 neonium,
854 4363 881 4400 ao
899 4349 926 4396 B.
1036 4347 1069 4410 (d)
1086 4348 1118 4396 Le
1129 4349 1238 4412 llorgon,
1250 4352 1418 4412 pedterlvltre
1429 4355 1504 4417 quies
1515 4357 1673 4417 jettedousla

256 4435 320 4484 lusti
330 4435 405 4484 abbas
415 4435 638 4494 exoellentissimus,
660 4433 698 4480 vir
708 4445 798 4495 mugnis
819 4431 927 4494 pruden—
1006 4427 1082 4475 Sados
1095 4430 1166 4490 apres
1181 4430 1248 4476 avoir
1257 4433 1361 4479 traverso
1377 4431 1398 4479 le
1407 4435 1528 4483 territelre
1536 4437 1565 4483 de
1576 4437 1598 4484 la
1607 4451 1673 4485 eom-

257 4515 297 4560 tin
313 4519 338 4560 st
351 4513 460 4561 utilitatis
474 4513 500 4560 ln
516 4513 648 4561 Christos
664 4511 766 4573 (Severi,
779 4509 925 4570 Aethiopiae.
1006 4521 1077 4554 moue
1087 4507 1291 4558 devillare-anelis.

257 4591 380 4654 lugdun,
392 4607 417 4654 p.
427 4591 494 4655 28⁰.)
1037 4585 1071 4649 (d)
1090 4586 1125 4634 liu
1137 4587 1355 4651 roscemannus,
1365 4592 1476 4642 rivellen
1493 4597 1562 4644 ltro.
1580 4595 1616 4660 (V.
1627 4599 1674 4646 Co·

289 4669 326 4734 (l)
342 4671 370 4720 V.
379 4671 510 4733 ei-devant,
521 4685 546 4734 p.
560 4675 572 4718 7
585 4677 610 4719 st
620 4674 643 4729 i,
656 4679 724 4718 notu
735 4674 749 4717 li
760 4676 784 4717 et
795 4673 817 4716 l.
1006 4663 1092 4714 tulrire
1100 4664 1129 4712 de
1138 4663 1251 4730 savigny,
1263 4669 1301 4715 eli.
1319 4671 1375 4729 dli,
1388 4685 1413 4733 p.
1424 4673 1491 4738 usp]
1536 4697 1539 4704 .

290 4747 327 4811 (Ξ)
344 4749 411 4796 Cotta
421 4749 498 4809 ἁωιο,
507 4749 536 4797 de
546 4750 568 4797 lu
576 4748 751 4798 tres-ancienne
767 4754 790 4795 et
801 4747 928 4808 tres-puis-
1039 4741 1073 4805 (lt)
1091 4743 1231 4804 Serreion,
1244 4755 1328 4795 moion
1338 4749 1366 4796 de
1378 4750 1507 4802 l'llrbresle
1517 4753 1631 4817 (lihdne).

257 4835 328 4875 santo
346 4827 432 4874 tonilla
447 4827 477 4875 de
492 4827 613 4888 nondun,
630 4831 690 4875 n’est
708 4839 800 4876 conone
823 4839 869 4887 que
885 4839 929 4887 par
1035 4825 1074 4887 (7)
1101 4825 1406 4890 sarreptanam-titum,
1430 4841 1515 4883 tanton
1544 4837 1573 4884 de
1601 4839 1674 4887 Feurs

256 4915 320 4954 netto
333 4906 448 4954 mention.
1009 4903 1107 4967 (lein).

291 4983 327 5045 (ὅ)
348 4984 503 5044 Sullamne-d,
515 4993 601 5034 canton
609 4985 638 5034 de
646 4985 754 5034 Tre'voor
767 4983 840 5048 (diu).
884 4981 888 4990 ‘
1041 4983 1074 5044 (8)
1092 4985 1136 5031 Cet
1146 4987 1231 5032 dimon
1242 4987 1270 5033 de
1281 4988 1406 5051 Vorenrres,
1416 4993 1458 5052 qui
1467 4993 1542 5042 lnisoit
1554 4999 1631 5057 portio
1643 4999 1673 5044 du
