4300 6054
513 807 552 866 :jo
872 823 1037 871 oneremus
1058 823 1097 870 os
1119 805 1252 870 s'iaurss
1274 821 1312 868 nn
1334 821 1565 870 arom—turs.

553 937 1070 1010 11u.--0bieruntGuillelmus,
1084 935 1221 999 marchio
1236 934 1288 1014 (tl,
1304 934 1357 1014 qui
1375 934 1458 997 dedit
1469 935 1615 998 iratribus
1628 937 1812 1002 Archiacum
1826 939 1864 1019 lt)
1876 955 1924 1012 ;-

513 1041 543 1097 et
550 1035 625 1108 Ado,
639 1034 814 1109 canonicus,
825 1041 901 1097 -et
915 1033 1097 1106 Gaubertus,
1111 1031 1270 1111 presbiter,
1279 1037 1354 1093 -et
1366 1033 1539 1106 Durannus,
1549 1031 1764 1109 subdiaconus,
1780 1037 1834 1114 qni
1846 1037 1925 1100 dedit

514 1128 901 1210 ineleemosinamcipbom
913 1143 1010 1192 unum
1022 1133 1199 1207 argenteum
1214 1143 1284 1190 cum
1294 1125 1456 1200 cochleari
1466 1161 1508 1174 -
1518 1128 1647 1203 etVido,
1664 1129 1764 1206 levita,
1781 1133 1835 1212 qui
1846 1133 1925 1196 dedit

511 1227 621 1288 Sancto
636 1225 790 1306 Stephano
800 1227 884 1288 xllx
898 1224 1028 1298 solidos;
1044 1231 1124 1286 —et
1138 1223 1245 1298 Maria,
1259 1223 1385 1286 ioemina
1397 1237 1405 1296 ;
1419 1229 1500 1286 —et
1519 1223 1753 1289 bartholomeus
1764 1228 1920 1302 Richardi,

511 1322 642 1384 decanus
654 1321 705 1402 (3),
721 1327 752 1385 et
763 1322 912 1396 sacerdos,
926 1321 979 1400 qui
993 1321 1118 1399 reliquit
1127 1323 1237 1384 Sancto
1256 1319 1411 1399 Stephano
1429 1325 1551 1383 centurn
1567 1319 1660 1384 libras
1675 1323 1853 1387 viennenses
1869 1341 1922 1405 nro

510 1418 716 1482 anniversario
737 1434 792 1480 suo
816 1417 931 1481 ibidem
950 1417 1097 1490 iaciendo,
1117 1431 1195 1494 quos
1219 1415 1308 1478 debet
1326 1414 1442 1478 solvere
1456 1413 1814 1494 GuillermusRicbardi,
1829 1437 1922 1501 nepos

510 1517 586 1594 ejus,
603 1521 632 1578 et
661 1515 783 1578 interim
807 1514 896 1578 debet
923 1513 1020 1577 lacere
1034 1512 1149 1576 dictum
1173 1511 1415 1574 anniversarium
1429 1512 1525 1575 donec
1552 1513 1632 1576 dicta
1646 1515 1776 1593 pecuma
1794 1519 1922 1598 reposita

511 1611 603 1674 inerit
621 1612 654 1674 in
680 1611 784 1691 aliquo
808 1615 1082 1688 conqueremento;
1108 1608 1218 1687 majori
1240 1607 1414 1672 elemosine
1436 1607 1509 1672 xxo
1531 1611 1754 1674 mornantesios
1775 1613 1919 1693 siliginis3

511 1708 596 1788 operi
607 1707 731 1786 majoris
744 1706 878 1770 ecclesiae
890 1705 963 1768 xxc
976 1705 1090 1768 solidos
1102 1705 1288 1768 viennenses.
1300 1703 1371 1784 -5
1390 1705 1427 1766 Et
1440 1705 1595 1768 lohannes
1616 1707 1754 1782 Bidardi,
1770 1709 1921 1788 cappella·-

511 1821 569 1868 nus
582 1807 746 1884 perpetuus
757 1803 788 1865 in
807 1801 934 1864 ecclesia
947 1799 1142 1880 Lugdunensi
1157 1799 1208 1880 (l),
1226 1800 1278 1879 qui
1296 1799 1425 1878 singulis
1439 1801 1614 1880 presbiteris
1628 1802 1666 1866 de
1680 1803 1775 1866 choro
1789 1805 1919 1884 predicte

510 1899 644 1974 ecclesie,
665 1897 719 1980 qui
737 1897 961 1962 associaverunt
982 1911 1093 1975 corpus
1111 1896 1175 1974 ejus
1192 1895 1338 1976 usquead
1352 1902 1475 1976 ponbm
1492 1897 1622 1972 Radani,
1635 1899 1763 1978 singulis
1776 1899 1879 1964 decem
1893 1909 1921 1964 et

509 2002 576 2060 octo
586 1995 727 2060 denarios
735 1993 993 2067 viennensiumet
1000 1991 1129 2070 singulis
1141 1991 1258 2056 clericis
1272 1993 1363 2055 modo
1373 1993 1466 2056 simili
1477 2009 1588 2074 corpus
1599 2011 1690 2058 suum
1701 1998 1918 2060 associantibus

509 2095 615 2158 decem
637 2091 777 2156 denarios
794 2089 1004 2154 viennensium
1025 2087 1170 2152 concedat
1197 2089 1301 2150 semel.
1322 2091 1398 2152 Item
1431 2097 1563 2170 quatuor
1598 2091 1773 2156 custodibus
1796 2093 1918 2158 cuilibet

509 2190 647 2269 ipsorum
663 2187 799 2267 quinque
813 2185 926 2248 solidos
946 2183 1156 2248 viennensium
1176 2184 1280 2248 semel.
1303 2187 1380 2248 Item
1405 2185 1534 2264 singulis
1556 2188 1743 2268 cappellanis
1764 2190 1916 2269 perpetuis

509 2285 635 2349 ecclesie
652 2287 818 2347 memorate
831 2280 960 2360 singulis
973 2281 1109 2360 quinque
1126 2279 1239 2344 solidos
1259 2281 1469 2346 viennensium
1483 2283 1588 2346 semel.
1603 2287 1679 2348 Item
1693 2285 1808 2350 labrioe
1824 2286 1919 2350 eccle-

509 2382 554 2446 sie
575 2380 769 2460 Lugdunensi
783 2395 835 2442 sex
858 2377 952 2442 libras
974 2377 1184 2440 viennensium
1202 2375 1296 2438 semel
1321 2375 1414 2440 dedit.
1439 2379 1527 2452 Imm,
1551 2395 1606 2458 pro
1622 2378 1789 2444 defectibus
1810 2382 1872 2444 suis
1886 2382 1915 2442 in

508 2479 619 2542 divinis
633 2476 787 2558 obsequiis
801 2491 855 2554 per
868 2475 969 2554 ipsum
988 2473 1158 2536 commissis
1171 2471 1359 2552 supplendis,
1374 2474 1561 2554 cappellanis
1574 2475 1652 2540 dicte
1663 2477 1788 2540 ecclesie
1798 2485 1915 2542 centnm

506 2574 620 2638 solidos
635 2571 845 2636 viennensium
857 2569 950 2634 semel
963 2569 1082 2647 legavit,
1094 2569 1136 2630 ita
1145 2574 1245 2630 umen
1257 2567 1340 2648 quod
1356 2567 1415 2648 ipsi
1427 2574 1586 2634 teneantur
1604 2587 1660 2652 pro
1671 2573 1775 2636 anima
1790 2591 1845 2636 sua
1862 2575 1918 2637 do-

505 2669 625 2734 minum
641 2667 808 2750 deprecari.

546 2793 562 2873 5
589 2791 752 2859 ordinacio
776 2741 1018 2852 reverendissimi
1042 2790 1137 2866 patris
1154 2787 1270 2850 domini
1295 2787 1463 2852 cardinalis
1483 2791 1521 2854 do
1541 2791 1680 2868 Salnciis,
1703 2795 1915 2876 archidyaconi

508 2889 637 2953 condam
653 2885 863 2966 Lugdunensis
877 2883 932 2966 (5)²

543 3011 558 3090 5
574 3009 620 3073 dd
640 3015 818 3090 perpetuam
832 3005 876 3068 rei
890 3005 1081 3068 memoriam.
1098 3005 1185 3068 Anno
1206 3005 1427 3072 incarnacionis
1453 3009 1606 3076 dominice
1620 3011 1784 3077 millesimo
1796 3023 1917 3096 quater-

504 3103 667 3170 centesimo
679 3104 796 3166 decimo
809 3117 899 3176 nono,
915 3099 964 3163 die
977 3115 1048 3163 vero
1061 3101 1203 3166 vicesima
1214 3109 1319 3167 octava
1330 3106 1450 3170 mensu,
1458 3109 1550 3186 iunii,
1564 3109 1603 3172 ab
1618 3110 1676 3173 trac
1691 3110 1756 3174 loco
1776 3112 1916 3192 migravit

502 3199 662 3265 recolende
672 3199 818 3262 memorie
829 3197 971 3262 dominus
983 3197 1134 3262 timedeus
1148 3197 1185 3262 de
1196 3199 1335 3275 Saluciis,
1349 3209 1537 3267 sacrosancte
1555 3205 1692 3268 Romane
1714 3207 1838 3272 ecclesie
1852 3209 1917 3272 dia-

502 3313 597 3360 conus
621 3293 793 3370 cardinalis,
817 3291 1049 3357 archidiaconus
1069 3293 1194 3358 ecclesie
1215 3295 1435 3374 Lugdunensis.
1458 3299 1541 3362 Obiit
1563 3301 1690 3380 inquam
1713 3303 1745 3364 in
1772 3304 1843 3368 villa
1863 3324 1915 3370 sua

502 3393 603 3456 Sancti
616 3389 789 3471 Donabit),
803 3388 966 3454 viennensi
976 3387 1098 3462 diocesi,
1113 3395 1142 3451 et
1153 3387 1269 3454 ibidem
1280 3390 1313 3453 in
1323 3391 1449 3456 ecclesia
1462 3393 1652 3471 inhumatus,
1661 3403 1691 3460 et
1700 3398 1915 3480 subsequenter

501 3489 550 3552 die
572 3487 650 3566 jovis
673 3492 742 3550 ante
765 3501 885 3556 ramos,
910 3499 990 3546 anno
1015 3483 1152 3562 sequenti
1174 3483 1338 3548 millesimo
1362 3489 1636 3565 quatercentesimo
1661 3491 1815 3568 vicesimo,
1831 3496 1916 3575 juxta

531 3702 565 3766 (1)
582 3703 601 3751 ll
613 3705 680 3766 s’aglt
694 3703 723 3751 ici
739 3717 786 3751 nou
803 3703 831 3750 de
844 3703 976 3750 Guiliuuma
992 3702 1033 3760 lev,
1049 3710 1124 3750 comta
1136 3704 1165 3750 de
1219 3721 1223 3730 ·
1242 3719 1271 3752 ne
1283 3705 1318 3754 iot
1333 3705 1411 3767 doyan
1421 3707 1452 3756 dn
1464 3708 1571 3770 chapitre
1580 3709 1609 3756 de
1621 3711 1709 3774 l'tgliae
1721 3711 1912 3774 metropolitains

498 3781 580 3840 Fossa,
599 3784 658 3830 mala
667 3783 695 3830 da
706 3781 968 3840 Gellianus-tertona,
983 3781 1021 3828 iile
1038 3789 1061 3828 et
1069 3795 1163 3829 sncces-
1245 3797 1291 3845 que
1302 3783 1407 3846 pandant
1416 3785 1449 3833 los
1467 3785 1576 3835 derniera
1583 3789 1645 3836 mois
1655 3789 1785 3838 dal'anots
1795 3791 1863 3838 ¹25⁰.
1876 3789 1911 3850 (V.

498 3875 555 3910 ιιιιι·
563 3861 628 3924 (886)
639 3861 877 3918 caminiecensem
891 3859 1046 3922 d'bnverqne,
1057 3861 1163 3923 marqoia
1244 3862 1353 3924 dapes,
1363 3863 1389 3913 P.
1398 3865 1421 3912 J.
1432 3873 1468 3912 n*
1478 3867 1504 3911 ot
1520 3865 1603 3928 etti.)

497 3941 526 3988 da
539 3941 625 3990 Gothis
641 3947 664 3990 et
676 3939 721 3988 duc
734 3939 891 4002 inquinatos,
908 3944 1008 3986 morian
1018 3941 1072 3985 118.
1086 3937 1123 4001 (V.
1133 3941 1161 3986 tt.

496 4021 618 4080 bernard,
639 4019 772 4069 cartulaire
793 4019 822 4066 da
844 4017 956 4080 Saaiqny.
983 4017 1161 4078 introductlou,

497 4115 522 4162 p.
532 4115 585 4158 auu
595 4099 628 4149 La
641 4099 787 4161 llorq'iliat.
798 4097 840 4146 daa
855 4097 913 4146 duca
923 4095 952 4145 da
965 4095 1078 4146 bourbon
1087 4103 1111 4144 et
1121 4098 1162 4146 dea

495 4185 584 4228 comtes
600 4179 629 4226 ds
648 4179 729 4238 Fores,
745 4177 821 4226 tditee
834 4191 878 4239 par
893 4175 924 4224 tt.
943 4174 972 4224 dc
988 4175 1160 4238 chantelauac,

496 4268 514 4307 t.
524 4257 565 4321 1⁸²,
575 4275 601 4322 p.
611 4261 651 4320 tt,
661 4265 716 4308 note
729 4259 758 4306 de
766 4257 797 4306 tt.
810 4259 839 4305 de
847 4258 869 4305 Ιι
879 4255 1057 4320 Toni-Vama.)
1067 4257 1162 4306 L'anto-

495 4338 541 4386 riti
556 4338 585 4385 de
601 4335 855 4386 Gnillanme-le-Pleus
870 4335 1161 4400 a'eaerqaitsurlebyon·

495 4419 557 4478 nais,
573 4429 663 4465 comma
677 4417 783 4478 masqnia
792 4433 800 4474 a
809 4417 865 4464 e'est
880 4415 957 4478 cequl
966 4411 1161 4478 expliqnepocr·

494 4499 552 4560 quoi
565 4503 634 4544 notre
649 4495 773 4544 obitualre
785 4509 814 4544 aa
833 4495 854 4542 le
870 4495 1007 4544 mentionne
1024 4499 1121 4558 qu'avee
1139 4497 1161 4544 lc

494 4579 550 4626 titre
559 4577 726 4626 desmarcbio
736 4593 760 4623 a.
911 4627 917 4640 ι

526 4657 560 4722 (2)
581 4657 664 4719 Resay,
681 4667 806 4704 commune
823 4653 853 4702 de
872 4653 975 4716 savigny
992 4652 1109 4719 (bladae),
1127 4670 1159 4704 ou

494 4739 577 4801 lteaay,
594 4749 718 4786 commane
734 4733 763 4782 de
779 4733 1044 4796 iit-Gyr-da-Valorqss,
1065 4745 1098 4784 aa
1116 4750 1159 4784 an·

491 4831 548 4867 cora
567 4818 597 4866 do
607 4811 943 4865 Sm-Colombelwlltronde
953 4809 1052 4876 (loire),
1065 4814 1159 4862 suivant

493 4899 524 4946 ll.
535 4898 563 4945 Α.
575 4895 690 4944 bernard.

524 4979 558 5044 (i)
570 4977 717 5038 bartbtlemy
726 4975 836 5038 Richard,
847 4975 975 5039 originairc
982 4975 1014 5028 da
1023 4975 1156 5042 Daopblnt,

1276 3939 1310 4004 (t)
1327 3941 1360 3990 Ge
1371 3943 1494 4005 chapelain
1505 3943 1578 3992 vivait
1589 3945 1648 3994 dans
1661 3945 1684 3994 la
1698 3947 1818 4006 premiere
1834 3945 1915 3993 assitit

1244 4019 1277 4068 du
1285 4031 1336 4070 ιιι·
1346 4022 1426 4071 aiteio.
1435 4023 1508 4071 -Ln
1521 4023 1608 4073 iannilla
1626 4025 1667 4074 dea
1685 4025 1852 4076 Bidardsdtait
1862 4027 1912 4072 ori·

1243 4101 1336 4162 qinaira
1344 4101 1373 4150 da
1380 4102 1455 4161 vans,
1465 4116 1495 4152 aa
1504 4103 1638 4166 Daopbind.
1648 4105 1698 4154 tttta
1706 4107 1798 4169 permit
1809 4104 1915 4167 dasqeat

1244 4182 1258 4228 d
1274 4179 1296 4228 la
1309 4180 1376 4228 croix
1392 4181 1421 4229 da
1437 4181 1510 4244 sabla,
1525 4185 1539 4230 i
1556 4182 1578 4230 la
1594 4181 1700 4232 bordore
1713 4183 1742 4231 ds
1759 4187 1843 4231 mene.
1856 4184 1913 4230 ioan

1243 4257 1331 4306 Bidard
1347 4274 1361 4306 a
1377 4261 1414 4308 itt
1428 4259 1533 4310 inconuu
1549 4275 1579 4310 au
1591 4265 1647 4324 otro
1664 4262 1696 4310 La
1713 4263 1861 4312 baboorsor.
1872 4261 1909 4324 (ll.

1245 4337 1358 4400 blason-ea,
1369 4345 1387 4385 t.
1397 4342 1420 4399 2,
1433 4353 1457 4401 p.
1469 4341 1536 4404 aot.)

1275 4419 1309 4484 (5)
1325 4421 1427 4470 Δηιόόόι
1442 4423 1471 4470 da
1485 4423 1591 4484 Salooaa,
1605 4423 1715 4474 lombard
1731 4425 1761 4472 da
1778 4423 1911 4482 naisum,

1243 4511 1298 4560 ιοςιι
1307 4499 1423 4548 cbenoine
1431 4499 1460 4548 do
1468 4501 1534 4563 Lyon
1544 4515 1573 4550 aa
1586 4505 1645 4551 tots
1656 4501 1729 4564 (actea
1741 4501 1911 4564 Capituiaiaaa,

1243 4579 1290 4628 vol.
1309 4582 1353 4639 ter,
1372 4593 1397 4642 p.
1419 4581 1482 4644 111),
1498 4585 1593 4632 nomme
1608 4583 1756 4632 archidiaere
1770 4596 1816 4644 peu
1832 4585 1912 4644 apres,

1242 4657 1325 4719 appele
1332 4672 1378 4706 aua
1385 4659 1462 4721 sitgaa
1470 4661 1615 4724 episcopans
1624 4661 1706 4710 reunia
1717 4663 1746 4710 de
1754 4660 1797 4710 Dia
1805 4666 1828 4708 et
1837 4661 1913 4708 dela·

1241 4737 1307 4786 lenos
1322 4753 1352 4787 an
1369 4741 1438 4800 taso,
1447 4739 1483 4790 iot
1496 4741 1559 4790 ttevt
1574 4755 1605 4790 ιιι
1617 4741 1750 4794 candidatas
1765 4753 1797 4791 ιιι
1810 4741 1878 4800 titt,
1888 4745 1912 4784 at

1242 4823 1339 4866 mourut
1350 4831 1381 4866 en
1394 4819 1464 4867 tota.
1735 4811 1737 4814 ’

1273 4895 1307 4960 (t)
1325 4896 1441 4958 Stilonat
1452 4897 1569 4961 (omna).
