4314 6058
816 911 922 974 micro
945 923 1198 976 rusnmmrrrss.
1651 912 1711 976 ati

295 1041 417 1122 pianda.
434 1039 540 1106 valeat
553 1041 611 1105 hec
620 1056 692 1104 mea
705 1039 945 1124 dispositiojors
955 1043 1127 1106 testamenti
1139 1042 1265 1122 veljure
1277 1041 1499 1118 codicillorum,
1512 1059 1566 1110 seu
1579 1045 1717 1126 quolibet

299 1136 359 1202 alio
368 1137 438 1215 juro
451 1137 616 1218 cuiuslibet
626 1139 735 1202 ultime
746 1139 921 1203 voluntatis.
936 1141 1015 1204 Item
1029 1140 1164 1220 precipio
1175 1138 1259 1219 quod
1271 1139 1297 1202 si
1310 1139 1386 1220 quid
1399 1139 1556 1204 residuum
1569 1142 1715 1218 fueritin

303 1235 417 1298 tinneis
426 1240 458 1298 et
471 1235 604 1300 uestibus
615 1237 746 1300 trabum
759 1235 916 1300 minorum
925 1241 1068 1318 erogetur
1077 1241 1107 1300 et
1117 1234 1316 1316 expendatur.

339 1333 403 1411 Ego
413 1333 599 1396 Laurentius
612 1331 649 1394 dc
663 1333 798 1407 Iscrone,
814 1329 990 1414 capellanus
1002 1331 1040 1394 de
1054 1333 1232 1411 Lymonaes,
1254 1335 1388 1406 testator,
1404 1329 1484 1394 hanc
1497 1346 1597 1396 msam
1611 1333 1716 1415 dispo-

301 1428 444 1491 sitionem
456 1427 549 1492 scribi
561 1428 629 1503 ieci,
644 1425 746 1508 sigillo
763 1443 834 1492 meo
848 1427 979 1510 sigillavi
990 1433 1022 1492 et
1032 1428 1157 1508 propria
1170 1427 1263 1492 mand
1275 1427 1453 1510 subscripsi.

341 1527 404 1603 Ego
422 1527 468 1588 W.
485 1524 523 1588 de
542 1526 652 1588 Sancta
670 1523 829 1601 columba,
845 1525 991 1606 magister
1003 1523 1216 1604 Lugdunensis
1230 1523 1366 1600 ecclesie,
1386 1528 1509 1604 rogatus
1526 1539 1545 1587 a
1560 1531 1718 1608 testatore,

303 1621 436 1696 interlui,
451 1619 582 1700 sigillavi
595 1626 626 1684 et
639 1620 816 1702 subscripsi.

344 1717 407 1793 ligo
435 1715 549 1794 symon
575 1713 613 1777 de
639 1719 772 1793 tlarzeu,
798 1717 964 1782 cononicus
994 1717 1221 1796 Lugdunensis,
1244 1722 1368 1800 rogabis
1394 1733 1413 1779 a
1436 1721 1596 1794 testatore,
1616 1718 1715 1784 inter-

295 1809 355 1886 lui,
372 1809 502 1890 sigillari
530 1817 561 1900 et
585 1811 771 1896 subscripsi,
793 1813 844 1889 et,
863 1813 937 1894 quia
958 1809 1096 1894 sigillum
1114 1828 1175 1876 non
1200 1811 1369 1886 habebam,
1385 1809 1487 1892 sigillo
1510 1812 1650 1892 magistri
1663 1816 1711 1878 W.

295 1908 411 1972 usului.

333 2007 397 2084 ligo
409 2003 572 2070 ombertus
583 2005 621 2068 de
634 2003 802 2086 Agnineus,
818 2010 972 2084 rogatusa
985 2009 1136 2082 testatore,
1153 2004 1288 2082 interfui,
1303 2001 1433 2086 sigillari
1446 2008 1477 2068 at
1490 2003 1668 2086 subscripsi.

335 2103 399 2187 Ego
409 2101 600 2176 Laurentius,
614 2099 803 2182 capellanus,
815 2107 940 2182 rogatus
951 2101 1076 2166 interlui
1086 2107 1117 2164 et
1129 2099 1309 2180 subscripsi.

338 2199 401 2276 Ego
414 2198 505 2262 Rain.
520 2195 557 2260 de
567 2198 718 2270 Pdortero,
735 2203 859 2276 rogatus
873 2213 892 2260 a
905 2203 1059 2271 testatore,
1070 2196 1195 2260 interlui
1209 2195 1379 2276 subscripsi
1390 2201 1421 2260 et
1430 2193 1574 2280 sigillari.

334 2297 398 2374 Ego
423 2293 514 2374 lingo
537 2290 671 2372 Philipi,
698 2292 865 2375 presbiter,
893 2298 1017 2372 rogatus
1037 2309 1056 2356 a
1075 2287 1231 2370 testatore,
1254 2291 1393 2368 interlui,
1420 2289 1552 2384 sigillavi
1580 2299 1611 2356 et
1642 2293 1712 2358 sub

219 2457 223 2463 ,
295 2407 416 2472 scrupea.

338 2489 403 2566 Ego
423 2487 485 2560 W,
502 2483 679 2568 capellanus
699 2486 802 2550 Sancti
824 2483 969 2570 Hyrenei,
990 2490 1115 2564 rogatus
1130 2500 1150 2546 a
1168 2487 1320 2558 testatore,
1340 2483 1475 2560 interiori,
1491 2482 1660 2566 subscripsi
1680 2493 1711 2551 et

293 2581 437 2663 sigillari.
1775 2655 1778 2660 A

335 2683 397 2762 Ego
410 2683 500 2760 Hugo
510 2679 549 2745 de
562 2677 649 2743 Bella
659 2677 772 2756 Gauda,
786 2676 1208 2758 cellerarius'bthanacensis,
1226 2680 1351 2755 rogatus
1365 2692 1384 2739 a
1402 2679 1556 2754 testatore,
1571 2679 1708 2762 interlui,

299 2775 430 2856 sigillavi
442 2782 473 2840 et
486 2775 665 2870 subscripsi.
1701 2855 1704 2862 Ι

612 2879 831 2966 tempiset·
841 2875 990 2949 Melinos
1004 2877 1050 2944 do
1065 2877 1182 2956 noma,
1199 2877 1343 2944 armoire
1357 2884 1454 2962 Agar,
1469 2876 1591 2944 cotona
1613 2885 1665 2955 1⁰¹,

668 2977 755 3062 piace
768 2989 805 3043 πθ
818 2978 864 3055 9.)

938 3213 1202 3300 aotts'

292 3429 362 3490 Acts
373 3423 562 3510 capitulatae
578 3438 644 3508 par
664 3419 763 3508 tepent
775 3415 803 3488 il
816 3428 862 3489 ast
877 3419 987 3488 bodi
999 3439 1057 3506 que
1071 3387 1161 3486 celet
1171 3419 1228 3510 qai
1240 3437 1313 3485 sero
1326 3417 1378 3484 e'la
1392 3417 1494 3505 doyoa
1509 3417 1553 3485 do
1566 3415 1707 3504 adopitrc

333 3520 369 3586 ds
382 3519 499 3604 t'e'qtc'so
512 3517 766 3603 metropolitains
780 3519 816 3584 dc
829 3524 925 3602 Lync,
949 3535 1021 3583 serat
1035 3523 1108 3582 tanat
1123 3515 1159 3582 ds
1166 3515 1263 3602 juror
1279 3513 1359 3600 qu’c'l
1371 3533 1405 3581 sc
1418 3513 1488 3593 scra
1497 3515 1708 3599 promottoor'r

253 3693 258 3702 .
306 3671 309 3675 .
331 3635 375 3681 oa
389 3615 554 3682 sacerdocc
569 3607 650 3680 dans
664 3612 784 3702 t'aaada
797 3615 854 3700 qui
867 3614 979 3678 maiora
992 3631 1052 3678 son
1065 3607 1278 3678 insultation.

850 3787 856 3792 ·
878 3773 1011 3840 octobre
1025 3773 1115 3836 ⁴235.

333 3931 421 3997 Anno
439 3933 564 3996 Domini
577 3934 622 3998 rt·
641 3933 700 3995 gg·
720 3933 818 3998 XXX⁰
835 3933 904 4010 IX0,
924 3946 1029 3996 mensa
1048 3929 1175 4006 octobri,
1193 3945 1250 3992 nos
1270 3927 1438 4010 capitulum
1460 3929 1560 4010 prime
1579 3927 1705 4007 Lugdu-

293 4031 396 4097 nensis
413 4031 539 4096 ecclesie
557 4036 664 4094 notum
678 4031 807 4094 iacimus
824 4039 880 4110 per
899 4035 1056 4115 presentes
1077 4027 1192 4093 litteras
1219 4027 1369 4090 universis
1391 4031 1539 4090 statutum
1559 4023 1656 4088 luisse
1672 4023 1704 4086 in

293 4126 427 4207 capitulo
441 4133 544 4191 nostro
558 4127 705 4206 generali,
729 4131 869 4207 presente
886 4123 1054 4190 venerabili
1073 4131 1160 4206 patre
1186 4139 1222 4212 ac
1241 4122 1366 4186 domino
1387 4119 1457 4200 Ay,
1473 4117 1705 4199 archiepiscopo

293 4229 409 4297 nostro,
420 4227 452 4288 et
462 4223 500 4287 ab
515 4223 658 4288 omnibus
669 4223 873 4288 communiter
884 4221 1087 4302 approbatum
1097 4237 1153 4302 pro
1167 4209 1259 4294 bono,
1275 4233 1332 4298 pro
1347 4214 1428 4292 utili,
1444 4231 1501 4296 pro
1516 4211 1656 4289 honmto,
1670 4219 1705 4278 ut

293 4317 480 4400 quicumque
500 4323 531 4381 et
554 4317 811 4400 quandocumque
826 4319 860 4382 in
874 4313 1001 4384 ecclesia
1014 4322 1118 4382 nostra
1139 4313 1254 4380 electus
1274 4313 1366 4378 tuerit
1388 4313 1421 4376 in
1444 4311 1605 4387 decanum,
1621 4307 1704 4374 idem

293 4409 408 4478 electus
420 4415 522 4478 statim
536 4423 605 4496 post
617 4413 856 4480 installationem
866 4415 950 4496 juret
963 4414 1047 4496 quod
1060 4413 1141 4476 inira
1151 4426 1268 4476 annum
1286 4425 1320 4472 se
1332 4409 1423 4474 faciet
1435 4408 1476 4472 ad
1485 4403 1705 4472 sacerdotalem

293 4508 429 4574 ordinem
445 4511 630 4593 promoveri.
645 4512 843 4580 Hoctactum
862 4511 931 4586 luit,
952 4507 1162 4574 consentiente
1183 4507 1263 4572 dicto
1283 4505 1515 4588 archiepiscopo
1529 4509 1560 4568 et
1580 4507 1705 4578 vacante

292 4605 452 4684 decanatu,
463 4613 492 4670 et
501 4605 541 4670 ad
552 4607 611 4669 hoc
623 4605 703 4670 dicto
716 4607 946 4687 archiepiscopo
961 4605 1151 4668 actoritatem
1162 4607 1324 4684 prastamo.

571 4711 794 4796 (originat-
805 4709 952 4778 Arabicas
970 4708 1014 4774 do
1026 4705 1142 4788 Romu,
1160 4706 1304 4776 armoire
1325 4701 1448 4783 nasici,
1465 4701 1588 4773 colunto
1596 4667 1657 4784 ¹1⁸³,

651 4820 688 4874 a·
704 4810 771 4888 1⁸⁸.)
