4330 6050
932 787 1173 836 turnonuortom
1318 771 1323 794 “
1714 794 1758 838 xv

348 893 405 964 lite
423 897 477 982 (ll.
495 899 542 966 De
557 915 621 968 son
639 897 726 982 cdte,
745 898 775 970 la
791 899 948 995 obapltre
960 903 1173 996 s'cmpreasa
1196 899 1240 975 de
1252 902 1341 974 taire
1356 906 1459 998 appel
1482 908 1577 976 asca
1596 927 1757 989 vassaux,

346 1011 380 1069 et
393 1000 509 1071 renuit
521 1022 564 1072 en
591 1023 659 1093 peu
677 1002 722 1075 dc
734 1014 848 1098 temps
863 1009 1006 1102 Jusqn'b
1020 1015 1144 1092 dodillo
1161 1009 1323 1082 hommes
1339 1031 1382 1082 en
1398 1031 1515 1082 armes
1529 1013 1584 1102 (2).
1607 1017 1653 1082 La
1673 1012 1759 1084 lutte

347 1105 535 1196 s’engagea
549 1128 627 1178 vers
643 1107 676 1180 le
698 1109 818 1182 milieu
836 1111 882 1182 du
904 1114 995 1186 mols
1012 1113 1055 1186 de
1066 1115 1158 1208 juin.
1182 1115 1255 1186 Ello
1274 1115 1326 1188 lut
1340 1116 1527 1204 acharnee,
1553 1129 1597 1201 et,
1615 1139 1659 1188 au
1675 1121 1759 1188 bcut

347 1211 389 1281 de
405 1212 578 1305 quelques
587 1216 701 1307 jours,
719 1217 1081 1312 tournadl'avantage
1099 1221 1162 1292 des
1184 1221 1369 1314 lyonnais.

393 1319 558 1412 l’equue
569 1321 729 1407 d’lutun,
744 1345 788 1394 en
804 1325 936 1418 qualite
949 1325 1271 1400 d'administrateur
1282 1329 1447 1421 regattsu
1461 1321 1506 1402 du
1520 1330 1672 1414 diocese,
1684 1341 1760 1400 crut

348 1423 443 1492 alors
459 1423 580 1496 devoir
602 1427 804 1501 intervenir.
820 1435 886 1501 Par
901 1453 971 1504 une
987 1445 1153 1506 sentence
1165 1431 1335 1508 fulminde
1349 1435 1439 1508 dans
1455 1457 1501 1508 un
1525 1434 1660 1507 conseil
1676 1445 1758 1504 tenu
1859 1507 1869 1524 Α

347 1529 1757 1634 aBelleville‚ilexcommunialescitoyens,contisqueleursbiensetlesdonna.

348 1648 484 1706 comme
509 1636 716 1723 indemnitd,
735 1662 779 1711 au
797 1641 966 1734 cbapitre,
983 1645 1043 1737 qui
1059 1647 1269 1737 a’empressa
1284 1645 1328 1716 dc
1344 1645 1397 1716 les
1412 1647 1518 1717 cedor
1536 1667 1579 1716 au
1592 1646 1759 1716 comtede

281 1810 287 1825 ,
348 1743 464 1837 Foren,
490 1744 507 1811 a
533 1741 567 1812 la
588 1742 768 1818 condition
794 1747 876 1839 qu'il
897 1747 1046 1820 alderait
1068 1749 1202 1841 l’eglise
1225 1752 1269 1821 de
1285 1761 1397 1822 toules
1416 1750 1468 1822 lcs
1483 1749 1598 1822 lorccs
1621 1750 1707 1820 dont
1734 1749 1758 1818 il

349 1847 490 1935 pouvait
505 1848 684 1940 disposer;
698 1849 750 1922 les
765 1853 961 1924 chanoinas
973 1853 1180 1946 promirent,
1194 1877 1237 1926 cn
1255 1865 1366 1937 outre,
1388 1875 1431 1925 au
1452 1866 1565 1926 comte
1581 1854 1624 1924 dc
1637 1874 1681 1924 ne
1695 1875 1758 1945 pas

348 1953 434 2023 faire
458 1953 491 2024 la
507 1957 588 2045 paix
609 1956 653 2026 dc
676 1957 762 2028 trois
784 1977 850 2028 ans
866 1957 1012 2030 avecles
1034 1960 1401 2052 Lyconais,.sansson
1424 1970 1704 2046 consentemcnt,
1726 1972 1760 2030 et

349 2077 416 2146 que
430 2061 535 2148 passe
550 2081 591 2129 ce
606 2071 732 2152 temps,
754 2061 806 2131 s’il
822 2061 964 2153 plaisait
979 2085 1022 2134 au
1039 2077 1152 2136 comta
1168 2064 1212 2136 dc
1233 2065 1416 2142 contiuuer
1436 2065 1470 2135 la
1489 2085 1630 2158 guerre,
1651 2065 1695 2134 ils
1715 2087 1760 2136 nc

349 2161 425 2232 leur
446 2163 645 2236 donneront
659 2167 694 2236 ni
711 2187 857 2238 sccours
872 2167 908 2238 ni
924 2169 1057 2240 conseil
1075 2172 1131 2260 (3).
1147 2170 1232 2240 llais
1247 2181 1302 2240 cet
1318 2173 1388 2242 etat
1406 2171 1449 2240 de
1471 2170 1563 2241 crisa
1582 2171 1665 2242 etait
1681 2182 1758 2264 trop

350 2269 479 2340 violent
493 2291 583 2361 pour
598 2270 745 2361 pcuvoir
756 2270 873 2344 durer.
891 2273 987 2344 Saint
1000 2274 1102 2345 nouis
1115 2284 1149 2344 et
1162 2273 1357 2365 Rodolphe,
1370 2276 1503 2366 evaque
1518 2273 1696 2360 d'tllbuno,
1711 2278 1762 2348 le-

351 2387 409 2464 gat
423 2375 468 2446 du
479 2396 582 2467 pape,
599 2374 858 2447 lurentclroisis
871 2399 963 2470 pour
979 2379 1204 2450 mediatenus.
1223 2383 1272 2450 En
1284 2379 1505 2450 attendautlc
1520 2385 1701 2471 prononcd
1717 2383 1760 2454 dc

351 2481 427 2550 leur
439 2492 605 2550 sentence
620 2479 796 2565 arbitrale,
816 2482 859 2552 ils
875 2483 1115 2556 ordonnbreut
1132 2483 1165 2554 la
1180 2485 1393 2574 suspension
1415 2485 1477 2556 des
1491 2484 1665 2576 hostilitds
1680 2499 1714 2558 et
1726 2489 1777 2559 la'

351 2584 555 2658 de'molition
568 2584 632 2656 des
647 2584 890 2658 santificatione
901 2587 1037 2659 elevees
1052 2587 1180 2680 parles
1195 2590 1364 2680 citoyeus.
1380 2596 1468 2660 leun
1482 2589 1665 2677 Cuisiuier,
1678 2593 1760 2663 aba·

357 2957 360 2964 .
394 2869 432 2952 (t)
457 2889 471 2927 r
494 2871 570 2934 Haec
582 2875 654 2938 aunt
667 2885 737 2951 quae
749 2869 1018 2950 tuoruminjuncta
1030 2870 1201 2932 flamberto
1215 2867 1252 2932 de
1264 2866 1402 2934 vallibus
1422 2885 1429 2930 :
1463 2911 1464 2916 ,

394 3009 453 3028 .....
477 2967 555 3030 ttem
566 2965 683 3029 faciatis
701 2971 731 3029 et
745 2965 914 3046 procuretis
929 2964 1011 3046 quod
1024 2965 1228 3046 privilegium
1248 2980 1426 3030 conoessum
1447 2963 1562 3028 decano
1576 2969 1607 3026 et
1627 2959 1761 3042 capitulo
1787 3034 1794 3052 .

324 3113 329 3122 ,
353 3061 559 3142 lugdunensi,
575 3061 656 3142 quod
671 3061 731 3142 ipsi
746 3066 875 3142 possunt
894 3062 1163 3129 excommunicare
1182 3066 1213 3123 ct
1227 3059 1310 3149 quod
1324 3061 1385 3123 sint
1400 3059 1519 3138 judices
1533 3059 1566 3122 in
1584 3073 1674 3121 causa
1688 3074 1764 3137 pro-

354 3160 431 3238 pria,
448 3159 753 3240 cumcoabutentur,
768 3159 889 3240 penitus
900 3153 1021 3222 revocet
1025 3205 1084 3222 .....
1226 3146 1230 3154 ’

392 3259 469 3319 Item
492 3255 661 3335 procuretis
677 3253 759 3335 quod
778 3255 907 3318 canonia
929 3253 1142 3334 Lugdunensis
1156 3253 1309 3318 dividatur
1329 3254 1361 3316 in
1381 3259 1506 3318 centum
1527 3251 1717 3332 praebcndas,
1733 3257 1765 3326 et

353 3352 434 3433 quod
446 3339 620 3432 praebendae
634 3351 677 3414 ibi
689 3352 750 3414 sint
764 3350 924 3428 distinctae,
938 3367 1070 3432 quarum
1084 3351 1319 3432 praebendarum
1332 3350 1449 3413 faciatis
1460 3345 1658 3412 collationem
1671 3347 1763 3428 adar-

353 3449 582 3528 chicpiscopum
599 3447 766 3527 pertinum
783 3451 813 3509 et
825 3446 940 3510 faciatis
955 3446 1038 3528 quod
1057 3447 1185 3511 indicta
1203 3447 1350 3510 canonica
1363 3445 1560 3525 lugdunensi
1581 3442 1637 3506 ntit
1652 3443 1765 3506 civium

293 3601 297 3608 .
353 3554 383 3609 ct
397 3542 449 3608 alii
464 3541 616 3608 innobiles
630 3544 753 3608 indicta
766 3543 896 3607 canonia
907 3543 1104 3623 recipiantur,
1114 3543 1218 3623 aliqua
1231 3543 1451 3607 consuetudine
1465 3541 1618 3606 contraria
1629 3541 1767 3604 nonobs-

355 3637 1768 3726 tante,qumconsuctudodicitorputiuscorrnptelaquamlconsuetudo,cumsltcontrajura

355 3738 501 3800 canonica
512 3751 670 3817 expresse3
687 3735 763 3799 alias
776 3751 837 3816 pax
849 3735 930 3800 inter
944 3736 1107 3800 canonicos
1119 3741 1151 3799 et
1164 3737 1244 3800 cives
1259 3736 1327 3800 llari
1338 3751 1401 3799 non
1411 3741 1573 3816 pateam...
1674 3783 1683 3794 ,

397 3837 475 3897 ltem
489 3834 658 3913 procuretis
669 3833 753 3912 quod
766 3833 872 3897 civitas
886 3831 1100 3912 Lugdunensis
1110 3833 1222 3897 habeat
1238 3833 1471 3897 communitates
1485 3838 1516 3898 et
1531 3831 1669 3913 sigillum
1682 3846 1769 3896 com·

360 3929 625 4010 mune.(1bid..p.
641 3931 653 3995 l
673 3929 754 4010 eid.)
1763 3927 1769 3940 ‘

398 4027 437 4109 (2)
546 4026 671 4101 Domini
690 4027 1092 4102 canonicioonvocaverunt
1112 4029 1206 4092 ctiam
1227 4040 1373 4105 magnam
1388 4025 1620 4093 multitudinem
1633 4033 1770 4090 armato-

359 4140 430 4187 rum
443 4139 541 4203 usque
554 4123 594 4204 ad
605 4124 711 4202 viginti
726 4121 978 4204 milliaequitutn
991 4129 1021 4193 ct
1032 4124 1179 4206 peditum,
1195 4129 1312 4198 etcum
1331 4123 1375 4186 cis
1386 4123 1540 4186 irruerant
1551 4123 1583 4186 iu
1598 4123 1712 4188 dictam
1725 4125 1771 4186 oi-

360 4221 484 4284 vitatem
498 4237 595 4300 usquc
608 4221 647 4284 ad
659 4226 790 4283 catenas.
807 4220 911 4302 (thid,
924 4237 956 4304 p.
970 4220 1012 4302 7.)

316 4304 319 4310 ’
402 4315 441 4396 (3)
550 4315 762 4380 Promittimus
779 4317 871 4380 etiam
880 4315 985 4380 comiti
999 4315 1136 4397 predicto
1152 4315 1235 4397 quod
1245 4313 1372 4379 llnalem
1384 4315 1773 4396 compositionempacam

361 4419 391 4475 et
403 4419 541 4493 treugam
554 4427 626 4476 oum
637 4411 753 4476 civibus
771 4417 802 4474 et
814 4412 935 4476 civitate
946 4413 1151 4492 Lugdunense
1166 4427 1228 4476 non
1244 4413 1390 4478 faciemus
1404 4428 1460 4476 nec
1473 4412 1656 4476 habebimus
1676 4427 1774 4492 usquc

360 4510 400 4572 ad
413 4517 475 4572 tres
490 4525 598 4584 annos,
617 4509 676 4573 nisi
690 4509 996 4591 dcconsensuipsius
1012 4511 1149 4584 comitis;
1166 4516 1195 4574 et
1205 4509 1232 4573 si
1245 4517 1314 4591 post
1327 4509 1499 4593 predictum
1519 4510 1688 4574 terminum
1699 4525 1774 4572 oon-
1839 4529 1842 4537 ⁴

360 4607 493 4685 tingeret
508 4617 565 4678 nos
584 4621 691 4686 pamm
712 4607 809 4674 tacere
827 4620 898 4669 cum
910 4603 1026 4669 eisdem
1043 4611 1074 4669 et
1093 4605 1192 4671 dictus
1205 4621 1384 4672 cumas-non
1398 4605 1581 4670 consentiret
1597 4605 1676 4670 dicte
1693 4620 1774 4668 oom-

360 4704 507 4783 positionl
521 4709 551 4766 et
564 4703 643 4783 paci,
659 4719 724 4797 nos,
741 4702 888 4783 quamdiu
898 4703 964 4782 ipsa
974 4700 1065 4766 vellet
1081 4702 1195 4768 habere
1206 4719 1350 4784 guerram
1361 4719 1433 4767 cum
1451 4703 1537 4783 ipsis,
1556 4717 1618 4765 non
1633 4700 1775 4764 daremus
1804 4695 1806 4700 ’

359 4799 440 4878 ipsis
461 4797 611 4864 auxilium
633 4806 663 4862 et
686 4799 851 4866 consilium
869 4805 985 4868 ,contra
1006 4799 1303 4882 ipsum-(arcturos
1318 4799 1357 4864 de
1370 4797 1536 4882 lllmpiro,
1552 4799 1631 4862 serie
1648 4800 1682 4870 P,
1698 4803 1773 4861 cart.

361 4905 406 4956 n⁰
418 4897 504 4972 taes,
519 4901 585 4959 cote
596 4895 657 4976 tt.)
