4330 6050
437 887 491 931 xtv
1030 885 1270 938 lll'l'llODUGTION.

435 1002 542 1074 laires
554 1021 692 1074 comme
708 1002 771 1074 des
788 1004 1082 1094 grandslleuves:
1099 1003 1152 1078 les'
1166 1006 1380 1098 comprimar
1394 1007 1477 1077 c’est
1488 1005 1540 1076 les
1556 1005 1684 1076 rendre
1699 1004 1779 1096 plns
1792 1005 1858 1074 im·

435 1109 606 1197 petueur;
625 1129 769 1200 essayer
782 1110 859 1182 d'en
875 1113 1006 1182 arrater
1019 1111 1051 1181 le
1063 1133 1180 1196 cours,
1195 1115 1279 1184 c'est
1290 1115 1460 1204 preparet
1471 1133 1540 1184 une
1554 1110 1790 1202 catastrophe.
1806 1114 1854 1180 lin
1929 1189 1936 1198 ,

424 1211 526 1295 ellat,
542 1213 699 1284 soixante
712 1234 776 1284 ans
789 1215 947 1286 s'dtaient
960 1218 980 1286 h
991 1217 1097 1308 peine
1108 1217 1251 1288 deculds
1263 1217 1370 1310 qu'up
1383 1216 1456 1300 fait,
1469 1238 1554 1288 sans
1567 1219 1688 1308 portde
1699 1215 1858 1312 sericuse

437 1337 482 1388 en
500 1316 652 1390 d’autres
668 1328 793 1410 temps,
804 1320 973 1412 imprime
988 1342 1055 1392 aux
1067 1321 1196 1413 esprits
1209 1344 1257 1396 nn
1276 1322 1572 1415 mouvementqui
1587 1322 1703 1393 devait
1715 1319 1859 1392 devenir

439 1421 577 1494 ddcisil.

441 1587 445 1596 .
483 1533 577 1600 Dans
594 1528 626 1600 le
641 1542 791 1602 courant
812 1532 858 1602 du
881 1531 971 1603 mois
992 1531 1036 1603 da
1050 1533 1119 1603 mai
1133 1532 1177 1604 de
1192 1532 1331 1605 l'annea
1347 1540 1446 1619 4269,
1470 1533 1523 1604 les
1537 1531 1691 1606 efficiere
1707 1532 1755 1602 du
1777 1529 1859 1600 cha·

440 1636 543 1725 pitre,
567 1636 627 1728 qui
644 1635 799 1707 detenait
813 1635 907 1708 alors
927 1636 1014 1721 seul,
1042 1659 1105 1728 par
1120 1638 1211 1710 suite
1233 1639 1276 1710 de
1291 1639 1326 1710 la
1343 1639 1539 1712 demission
1556 1639 1600 1710 de
1617 1637 1859 1730 l'aroheveque

440 1741 600 1834 Philippe
616 1742 660 1816 de
676 1743 810 1826 savoie,
827 1742 1132 1815 l’adminiatration
1149 1744 1195 1816 du
1211 1744 1366 1831 diocese,
1383 1744 1487 1816 livent
1499 1743 1644 1830 arroter,
1658 1766 1704 1815 on
1727 1763 1773 1814 ne
1793 1740 1861 1810 sait

444 1852 461 1918 d
492 1847 608 1939 quelle
635 1849 814 1933 occasion,
846 1848 937 1919 mais
965 1846 1193 1919 violemment
1218 1860 1252 1920 et
1279 1849 1323 1920 de
1351 1850 1439 1933 nuit,
1470 1871 1518 1920 ua
1543 1849 1641 1920 riche
1668 1847 1859 1940 bourgeoia
1887 1845 1891 1852 ’

445 1957 588 2026 nomme
603 1953 741 2025 Nicolas
760 1953 956 2026 tdamoris.
972 1958 1064 2024 Gette
1079 1953 1288 2024 arrestation
1305 1955 1412 2026 servit
1421 1954 1465 2025 de
1477 1955 1636 2046 pretenta
1646 1975 1735 2044 pour
1750 1953 1862 2044 agiter

445 2061 498 2132 les
520 2082 668 2132 massas.
682 2059 755 2131 uite
769 2059 821 2130 lut
834 2058 1020 2152 expliqude
1036 2047 1174 2130 comme
1191 2081 1236 2130 un
1254 2070 1329 2132 acte
1345 2059 1389 2131 de
1403 2060 1562 2132 violence
1575 2059 1860 2142 arbitraire,une

452 2166 618 2239 violation
633 2167 804 2258 flagrante
817 2164 882 2235 des
898 2163 1061 2256 antiques
1076 2163 1265 2255 privileges
1281 2163 1324 2235 de
1343 2163 1376 2236 la
1388 2165 1519 2253 citd,'et
1535 2159 1649 2236 meme
1666 2183 1803 2236 comme
1814 2185 1860 2234 un

452 2293 579 2364 moyen
596 2291 687 2362 pour
707 2269 758 2340 les
779 2268 972 2340 chanoines
996 2267 1039 2340 de
1061 2268 1174 2340 battre
1196 2270 1361 2340 monnaia
1381 2275 1442 2358 (l).
1462 2274 1529 2341 lies
1549 2270 1862 2341 rassemblements

453 2378 707 2450 demandarent
722 2373 894 2446 taltberte
918 2372 1136 2446 d'idamoris
1151 2384 1185 2444 et
1207 2373 1241 2444 la
1256 2373 1345 2446 mise
1361 2395 1405 2446 en
1418 2377 1602 2466 jugement
1616 2374 1861 2447 desolliciers.

450 2488 554 2554 lices
579 2481 870 2563 manifestatione,
896 2477 928 2550 le
954 2479 1111 2571 chapitre
1138 2492 1223 2551 crut-
1237 2479 1356 2551 devoir
1381 2482 1556 2573 repondre
1578 2503 1641 2572 par
1660 2502 1706 2552 un
1728 2491 1803 2551 acte
1819 2477 1861 2550 de

449 2587 608 2678 viguero,
626 2598 660 2658 et
673 2586 711 2657 lit
724 2589 857 2656 arreter
877 2586 930 2654 sir
947 2596 1068 2654 autres
1095 2584 1298 2674 bourgeois,
1316 2584 1585 2676 prohablement
1607 2585 1659 2657 les
1679 2606 1860 2656 meuenrs.

446 2696 491 2762 La
508 2691 587 2764 ville
609 2692 741 2762 entidre
769 2690 863 2760 alors
887 2711 925 2759 se
945 2688 1101 2772 souleva,
1130 2689 1286 2782 sondoya
1302 2691 1366 2762 des
1393 2703 1535 2784 troupes
1552 2691 1753 2764 anxiliaires
1779 2691 1863 2762 dont

446 2797 513 2868 elle
535 2797 655 2870 donna
682 2796 715 2866 le
731 2791 1104 2866 commendementau
1121 2794 1289 2886 seigneur
1304 2795 1348 2866 de
1364 2789 1654 2881 la'Tourdus'Pin,
1674 2809 1862 2868 etnomma

446 2925 493 2976 un
510 2900 645 2974 mosell
656 2901 701 2970 de
714 2899 826 2970 douae
839 2897 999 2974 notables
1012 2899 1142 2998 charge
1155 2898 1198 2970 de
1214 2899 1336 2974 veiller
1350 2901 1420 2974 tta
1434 2905 1550 2974 sdretd
1564 2923 1752 2975 commune
1764 2915 1798 2974 et
1819 2905 1861 2972 de

446 3007 583 3098 dirigar·
595 3005 685 3076 dans
702 3027 749 3076 un
769 3003 831 3075 but
843 3003 1043 3096 unique-les
1059 3004 1178 3075 ellorts
1195 3006 1238 3076 de
1254 3019 1345 3078 tous.
1364 3012 1415 3078 En
1433 3009 1546 3080 meme
1565 3021 1677 3102 temps
1696 3009 1863 3080 flambert

447 3113 491 3184 de
505 3117 599 3182 lanx
617 3109 669 3180 tot
682 3109 812 3202 deputa
831 3111 974 3180 himma
987 3125 1077 3202 petar
1093 3109 1543 3187 reclamer‘dusaintl’dre
1557 3115 1591 3186 la
1615 3114 1860 3187 confirmation

447 3219 510 3290 des
530 3215 718 3310 privileges
744 3236 814 3307 que
836 3235 894 3284 ses
909 3213 1338 3305 predecesseursavaient
1361 3223 1522 3312 octroyds
1545 3241 1610 3292 aar
1625 3221 1812 3313 Lyounais,
1829 3233 1864 3291 et

447 3321 640 3396 demander
657 3319 797 3390 ensuite
811 3339 878 3412 que
900 3318 1058 3411 ledoyen
1079 3331 1113 3390 et
1134 3318 1186 3391 les
1198 3321 1393 3394 chanoines
1409 3325 1540 3396 n'aient
1559 3325 1638 3418 plus
1661 3325 1693 3397 le
1713 3326 1861 3418 pouvoir

445 3426 740 3502 d'excommunier
762 3427 858 3496 etde
878 3424 1125 3496 seconstituer
1142 3426 1248 3517 juges
1274 3447 1318 3498 en
1344 3427 1439 3500 leurs
1454 3451 1603 3522 propres
1626 3451 1774 3515 causes;
1791 3451 1859 3523 que

444 3536 496 3606 les
511 3531 909 3622 enlants-descitoyens
932 3530 1094 3622 puissent
1109 3532 1182 3601 etre
1198 3551 1301 3620 recus
1320 3531 1515 3606 chanoines
1540 3534 1584 3606 de
1602 3534 1636 3606 la
1657 3535 1859 3608 cathedrale

445 3638 635 3734 quoiqu'ils
650 3656 695 3708 na
706 3635 918 3727 fussentpas
932 3634 1072 3717 nobles,
1086 3645 1130 3717 et,
1144 3636 1252 3720 enlin,
1269 3659 1338 3728 que
1354 3637 1406 3709 les
1421 3637 1600 3712 habitante
1612 3641 1708 3712 aient
1719 3641 1752 3712 le
1768 3639 1860 3712 droit

445 3747 489 3817 de
512 3743 760 3817 commanente
781 3752 816 3812 et
840 3739 883 3812 de
899 3761 1017 3823 sceau,
1045 3739 1251 3812 c'est·ddire
1277 3741 1321 3812 de
1349 3744 1565 3836 s'organiser
1589 3767 1633 3818 en
1657 3747 1858 3839 municipa-

445 4033 578 4090 turos....
603 4023 686 4088 cives
699 4039 825 4105 quoqne
843 4023 1075 4105 jnraverunt..;.
1092 4040 1212 4088 servare
1229 3999 1352 4088 cinnam
1366 4024 1479 4089 bonam
1493 4022 1746 4098 dominationem,
1765 4035 1859 4103 quam

445 4123 685 4202 praedecessores
699 4121 818 4186 domini
838 4122 1063 4204 archiepiscopi
1082 4127 1112 4184 et
1133 4118 1269 4184 ecclesiae
1284 4121 1441 4184 retroactis
1454 4120 1644 4202 temporibus
1667 4120 1857 4192 hanua-unu

444 4221 503 4283 hoc
524 4220 627 4283 addito
652 4220 735 4300 quod
752 4217 839 4284 nullo
861 4226 1000 4300 tempore
1023 4216 1298 4299 apud-quemlihet
1320 4231 1375 4296 per
1395 4217 1525 4280 termam
1543 4215 1623 4294 juris
1647 4213 1785 4281 ecclesiae
1810 4213 1860 4278 vei

443 4317 667 4397 archiepiscopi
680 4315 914 4386 diminutionem
927 4313 1137 4394 procurabunt
1152 4329 1206 4392 per
1221 4328 1254 4376 se
1268 4310 1315 4378 vel
1330 4327 1386 4392 per
1400 4309 1487 4388 alios,
1499 4317 1529 4376 et
1540 4312 1687 4392 qnoniam
1699 4313 1860 4391 jammona

443 4422 509 4478 tum
522 4413 616 4477 totius
628 4412 788 4476 discordiae
802 4411 956 4474 termitem
970 4409 1166 4486 ministravit,
1179 4410 1361 4487 juraverunt
1373 4409 1454 4472 cives
1466 4407 1585 4472 nullam
1598 4409 1858 4488 conspirationem

440 4508 488 4572 vel
500 4510 712 4588 juramentum
732 4506 960 4570 communitatis
983 4505 1030 4568 vel
1045 4505 1222 4568 consulatus
1246 4504 1310 4568 ullo
1331 4519 1469 4584 unquam
1494 4509 1631 4584 temporo
1655 4519 1689 4566 so
1714 4505 1856 4576 tacturos,

441 4606 575 4688 exceptis
588 4605 788 4669 sacramentis
800 4619 871 4683 quae
885 4609 956 4666 sunt
969 4603 1052 4666 licita
1062 4597 1159 4682 'super
1168 4600 1363 4666 societatibus
1371 4600 1595 4665 mercationum
1608 4598 1855 4664 contrahendis.»

440 4701 804 4786 -lldontalcomlapd
822 4697 1239 4778 accommodarentur).
1257 4697 1338 4778 408.)
1603 4752 1606 4758 ,

484 4800 523 4882 (t)
548 4846 608 4864 .....
631 4817 648 4857 a
670 4800 747 4862 Item
762 4796 845 4878 quod
866 4793 987 4877 publice
1007 4801 1038 4860 et
1060 4794 1349 4860 notoriedicehatar
1362 4793 1447 4874 quod
1465 4795 1534 4875 ipse
1547 4795 1691 4862 Nicotaus
1710 4793 1780 4858 ideo
1793 4799 1857 4856 erat

442 4903 548 4979 captus
565 4895 639 4977 quia
657 4895 725 4976 ipse
738 4900 803 4958 crat
821 4900 852 4958 et
866 4893 1037 4958 habebatur
1049 4893 1143 4956 homo
1163 4891 1357 4973 pecuniosus,
1374 4895 1409 4956 ut
1430 4892 1498 4972 ipse
1516 4889 1702 4974 spoliaretur
1715 4891 1807 4955 rebus
1828 4894 1857 4952 et

441 4994 580 5077 pecuniis
593 4993 668 5067 suis,
684 4997 714 5056 at
727 4992 810 5074 quod
824 5007 858 5055 sc
880 4990 1042 5056 redimeret
1062 4989 1239 5072 epraedicta
1264 4988 1415 5084 captione.
1443 5011 1459 5049 s
1485 4988 1690 5070 (Menestrier,
1713 4989 1854 5058 Preuves,

441 5091 531 5208 vti
