4300 6054
537 801 594 860 inb
850 817 1075 868 corrumpens
1097 801 1231 865 n’iconrsn
1252 819 1290 866 ns
1311 817 1639 866 nvom-snspensas.

534 946 584 1010 res
601 937 674 996 sunt
692 931 724 994 in
745 931 916 1012 parrochiis
937 933 1039 998 Sancti
1055 931 1143 998 Pauli
1153 934 1186 996 iu
1204 935 1321 998 Jaresio
1337 933 1388 1014 it),
1408 933 1577 1014 delemav
1591 935 1629 1014 (2)
1642 934 1724 998 etde
1742 935 1876 1016 Scyllieu
1893 937 1940 1018 [3].

531 1029 637 1092 -Et
677 1029 893 1109 boymundus,
925 1030 1051 1094 sacrista
1078 1029 1173 1110 hujus
1202 1028 1328 1092 ecclesie
1361 1027 1428 1109 il),
1468 1029 1522 1108 qui
1570 1028 1695 1110 reliquit
1730 1032 1842 1094 Sancto
1877 1034 1943 1096 Ste-

532 1125 654 1203 phano,
683 1125 743 1188 tria
768 1126 984 1202 anniversaria,
1013 1142 1111 1190 unum
1139 1131 1353 1190 communest
1382 1125 1443 1188 duo
1465 1125 1628 1206 simplicia.
1657 1129 1717 1192 Pro
1739 1127 1943 1208 adquisitione

531 1221 557 1282 si
582 1220 709 1300 quidem
729 1221 801 1284 dicti
825 1215 1025 1285 anniversarii
1053 1223 1224 1288 communis
1253 1223 1377 1286 fuerunt
1403 1221 1502 1301 posite
1525 1223 1726 1302 quadraginta
1751 1222 1829 1287 libre
1859 1226 1942 1288 vien-

530 1317 673 1380 nensium
700 1318 733 1380 in
758 1325 1014 1398 conqueremento
1044 1319 1133 1382 castri
1172 1318 1275 1382 Sancti
1306 1317 1453 1380 Bernardi
1485 1315 1523 1398 (5)
1559 1334 1655 1398 prope
1679 1319 1809 1392 Ansam,
1844 1321 1939 1383 stibi

528 1421 575 1476 est
604 1416 832 1494 incorporatum
865 1417 980 1480 dictum
1012 1416 1263 1478 anniversarium.
1298 1413 1472 1478 Secundum
1509 1430 1580 1476 vero
1613 1416 1861 1480 anniversarium
1897 1424 1941 1480 est

527 1511 756 1590 incorporatum
787 1512 869 1590 apud
904 1513 1012 1578 Sivren
1042 1509 1103 1591 [6].
1132 1513 1190 1574 Pro
1216 1509 1310 1573 tercio
1345 1523 1417 1572 vero
1448 1511 1656 1599 anniversario
1685 1511 1785 1576 eidem
1814 1511 1941 1576 ecclesie

528 1605 652 1686 reliquit
682 1613 855 1670 contumel
878 1608 1035 1686 sexaginte
1056 1605 1150 1669 libias
1171 1605 1394 1681 viennensium,
1419 1607 1502 1685 quod
1522 1613 1568 1669 est
1595 1608 1824 1687 incorporatum
1849 1626 1940 1689 super

527 1704 653 1766 domum
679 1703 822 1767 Chetardi
845 1703 1049 1777 Chamarcini,
1072 1703 1203 1765 cantoris
1227 1702 1280 1783 (7),
1303 1702 1393 1764 sitam
1418 1702 1449 1764 in
1476 1703 1542 1765 vico
1565 1709 1646 1766 retro
1666 1703 1834 1766 claustrum
1856 1707 1940 1785 Lug-

526 1797 671 1862 dunense.
701 1801 792 1880 Operi
812 1801 911 1880 ipsius
932 1800 1061 1864 ecclesie
1080 1805 1202 1862 centum
1225 1796 1320 1862 libras
1336 1797 1544 1861 viennensium
1564 1797 1657 1862 dedit.
1680 1803 1757 1863 Item
1773 1797 1898 1864 centum
1912 1809 1941 1864 et

498 1951 502 1960 .
524 1895 631 1974 viginti
657 1893 751 1960 libras
771 1897 982 1960 viennensium
1000 1894 1110 1976 legavit
1128 1911 1184 1975 pro
1202 1893 1338 1960 emendis
1363 1894 1533 1958 redditibus
1554 1895 1593 1958 ad
1610 1911 1689 1976 opus
1712 1893 1817 1958 altaris
1836 1897 1939 1959 Ssncti

524 1992 650 2066 Thome,
664 1997 695 2054 et
708 1990 784 2054 alias
796 1999 917 2055 centum
926 1991 1033 2071 viginti
1048 1990 1142 2054 libras
1156 1991 1366 2054 viennensium
1384 2007 1440 2070 pro
1455 1991 1593 2056 emendis
1613 1991 1781 2063 redditibus
1803 1991 1842 2054 ad
1861 2009 1938 2072 opus

522 2089 626 2152 altaris
646 2090 749 2153 Sancti
769 2088 850 2152 Petri
863 2089 896 2152 in
918 2087 1167 2154 eademecclesia
1183 2087 1348 2162 constituti,
1371 2085 1475 2150 volens
1498 2094 1528 2152 et
1544 2088 1714 2169 precipiens
1737 2087 1820 2169 quod
1847 2089 1936 2151 insti-

521 2191 647 2250 tuantur
656 2186 699 2249 ibi
709 2185 769 2248 duo
782 2185 979 2248 sacerdotess
992 2184 1118 2248 sacriste
1129 2183 1336 2264 lugdunensi,
1353 2185 1406 2263 qui
1421 2199 1478 2265 pro
1491 2190 1629 2264 tempore
1642 2186 1743 2260 tuerit,
1757 2193 1787 2248 et
1802 2185 1936 2248 habeant

522 2281 660 2346 redditus
673 2279 744 2345 illos
759 2287 790 2346 et
799 2282 951 2346 celebrant
960 2281 999 2344 ad
1005 2283 1107 2346 minus
1117 2287 1163 2346 ter
1172 2282 1205 2345 in
1219 2281 1456 2362 ebdomada'pro
1466 2280 1603 2344 remedio
1613 2282 1715 2344 anime
1728 2281 1800 2344 dicti
1811 2283 1933 2344 sacriste

520 2377 682 2442 testatoris.
701 2382 814 2444 Omnes
829 2379 922 2452 etiem
943 2379 1038 2442 libros
1049 2378 1087 2442 de
1100 2377 1266 2458 theologia,
1280 2395 1357 2458 quos
1372 2378 1405 2440 in
1429 2377 1549 2442 civitate
1568 2376 1765 2455 lugdunensi
1784 2377 1928 2454 babebat,

519 2477 618 2540 eidem
638 2475 765 2539 ecclesie
791 2473 931 2555 reliquit,
952 2475 1092 2538 videlicet
1117 2475 1177 2538 duo
1204 2475 1290 2554 paria
1309 2473 1533 2553 Epistularum,
1558 2473 1740 2536 Psaltcrium
1763 2473 1929 2551 glosatum,

519 2577 654 2649 Quatuor
674 2570 860 2652 Euvangeiia
874 2569 999 2650 glosata,
1022 2571 1081 2634 lob
1095 2570 1257 2649 glosatum,
1276 2569 1443 2632 Duodecim
1458 2569 1625 2648 Prophetas
1639 2569 1673 2630 in
1686 2569 1841 2632 volumine
1857 2585 1928 2643 uno,

518 2671 639 2734 Ysaiam
651 2669 683 2732 in
695 2669 755 2732 alio
767 2667 934 2743 volumine,
950 2665 1142 2730 Ezechielem
1156 2671 1186 2730 et
1204 2664 1364 2748 Danielem
1384 2666 1416 2728 in
1432 2663 1493 2728 alio
1511 2665 1675 2738 volumine,
1694 2671 1824 2744 quatuor
1835 2665 1928 2728 libros

519 2765 705 2840 Pentateuci,
717 2771 747 2828 et
764 2764 880 2827 librum
894 2761 1123 2828 sentenciarum
1137 2767 1167 2824 et
1178 2760 1353 2840 Hysterias;
1369 2759 1474 2822 volens
1492 2765 1521 2822 et
1535 2760 1706 2840 precipiens
1726 2759 1822 2822 dictos
1838 2761 1928 2824 libros

515 2880 578 2926 non
592 2879 682 2942 posse
695 2860 796 2936 vendi,
812 2859 941 2922 distrahi
955 2874 1011 2920 nec
1024 2857 1161 2932 alienari,
1177 2871 1248 2936 ymo
1263 2871 1388 2936 semper
1404 2871 1528 2918 manere
1544 2856 1576 2918 in
1590 2872 1664 2919 usus
1678 2855 1775 2936 ipsius
1791 2857 1924 2920 ecclesie.

520 2960 660 3022 casulam
684 2973 807 3038 quoque
827 2971 897 3020 cum
913 2951 1076 3018 dalmatica
1098 2959 1130 3017 ct
1147 2953 1282 3042 [rocheto
1307 2953 1346 3016 de
1366 2951 1482 3032 optimo
1500 2951 1606 3027 serico,
1631 2958 1662 3016 et
1683 2952 1759 3015 duos
1783 2953 1927 3016 bacinnos

518 3053 642 3134 pulcros
650 3061 680 3117 et
697 3069 824 3133 magnos
836 3057 995 3131 argenteos
1017 3066 1087 3114 cum
1101 3050 1220 3116 duobus
1234 3049 1396 3128 vinageriis
1414 3049 1564 3126 argenteis
1585 3048 1684 3112 eidem
1697 3049 1823 3113 ecclesie
1844 3031 1926 3114 dedit

517 3151 556 3215 ad
571 3149 763 3214 serviendum
778 3149 876 3212 altari.
890 3147 1031 3226 Quinque
1040 3147 1136 3210 eciam
1147 3145 1257 3208 vitreas
1267 3143 1299 3208 in
1311 3144 1434 3206 sinistro
1448 3141 1542 3205 latore
1556 3141 1651 3223 ipsius
1663 3143 1789 3207 ecclesie
1801 3146 1834 3207 in
1843 3153 1924 3225 parte

516 3243 655 3310 interiori
667 3247 752 3318 fecit;
769 3250 799 3308 et
812 3245 930 3309 clericis
945 3245 998 3325 qui
1012 3243 1168 3324 sepulture
1183 3259 1236 3306 sue
1256 3243 1463 3306 interfuerunt
1477 3241 1557 3304 dona
1573 3241 1665 3315 dedit,
1681 3241 1849 3322 multisque
1868 3244 1926 3324 piis

517 3343 593 3409 locis
607 3349 636 3407 ct
650 3342 789 3423 personis
800 3341 930 3405 civitatis
944 3346 974 3406 et
985 3340 1121 3421 dyocesis
1131 3337 1340 3418 Lugdunensis
1351 3333 1449 3426 multa
1460 3335 1580 3416 legavit.

557 3447 623 3532 viu.
639 3467 881 3530 -—'0bierunt
891 3465 1077 3545 Stephanus,
1094 3462 1206 3536 laicus3
1220 3467 1299 3524 -et
1313 3461 1469 3524 lohannes
1482 3459 1519 3522 de
1529 3461 1684 3541 Brinayes,
1693 3451 1858 3542 presbiter,
1875 3463 1923 3542 qui

547 3679 581 3742 (t)
599 3676 861 3736 scissioni-eudem,
877 3681 962 3724 centon
978 3675 1007 3724 de
1023 3674 1184 3724 [livedo-(lieu

519 3757 619 3822 (heire).

550 3839 583 3904 (l)
600 3840 797 3900 Fcrney‚cnnton
812 3836 841 3884 ds
853 3835 1057 3886 saint-Chamond
1069 3835 1168 3899 (Loirc).

549 3919 584 3983 (l)
600 3919 701 3979 Celtico,
711 3924 798 3966 centon
809 3916 837 3964 ds
845 3915 1013 3965 liius-de-Gler
1023 3914 1122 3978 (boire).

549 4001 583 4065 (t)
600 4002 634 4050 Ge
651 4000 774 4049 sstrlstuin
793 3999 829 4047 lut
841 3997 926 4058 olroisl,
942 4011 971 4046 en
989 3999 1045 4059 p’uln
1058 4000 1128 4060 liti,
1140 4011 1186 4060 por

517 4083 679 4143 l'srolnevtquc
690 4079 788 4140 bobert,
806 4091 870 4140 pour
884 4079 934 4126 tire
945 4077 993 4125 l'un
1005 4077 1034 4126 de
1046 4091 1083 4125 see
1098 4081 1185 4125 erten-

518 4169 583 4209 teurs
602 4158 789 4208 testnmentnlres
805 4153 842 4220 (P.
860 4155 882 4206 l.
895 4164 923 4203 ιιΩ
942 4154 1023 4218 ὅθ).ΙΙ
1045 4163 1143 4204 mourut
1154 4169 1184 4202 en

518 4246 587 4303 1202,
600 4251 624 4290 et
637 4243 674 4290 lut
683 4241 781 4289 inmmt
792 4239 852 4287 dene
862 4239 885 4286 le
896 4238 1001 4300 ebcpltre
1014 4239 1055 4287 des
1072 4239 1184 4287 lucebins

517 4331 546 4370 de
554 4297 633 4382 [pons
647 4335 661 4362 s
670 4319 733 4366 liuns
744 4317 904 4366 notresnclen
912 4317 1027 4379 chapitre,
1041 4317 1152 4380 loignent
1163 4317 1185 4364 la

517 4415 572 4449 rnur
583 4401 614 4448 du
633 4401 684 4447 otte
700 4399 729 4446 ds
743 4399 802 4458 scir,
820 4405 844 4445 et
858 4397 959 4446 environ
975 4401 990 4445 t
1005 4406 1058 4459 sept
1076 4397 1144 4460 pleds
1156 4399 1185 4446 de

516 4481 622 4529 distem
633 4478 662 4526 de
675 4478 784 4539 celuydu
795 4479 847 4525 eote
866 4477 895 4524 de
913 4477 973 4537 bisc,
991 4476 1008 4524 il
1023 4490 1040 4538 y
1059 4477 1123 4524 nvoit
1138 4491 1184 4524 une

516 4561 596 4621 pierre
619 4557 768 4620 sepulcbrcle
794 4559 867 4618 qu'on
894 4555 988 4616 appelle
1013 4555 1185 4617 vulgairement

516 4641 606 4700 tombs,
616 4638 737 4686 d'envirou
748 4643 802 4698 sept
807 4635 875 4694 pleds
884 4635 912 4682 de
921 4635 1038 4696 longucur
1046 4649 1090 4696 per
1100 4641 1184 4697 quatre

516 4719 664 4782 ue‘lnrgsor,
680 4717 789 4780 quidest
803 4727 912 4776 rotimus,
925 4727 955 4761 cn
966 4715 1064 4762 roulant
1079 4715 1184 4762 l'oterds

516 4800 591 4867 ploce,
608 4811 638 4846 en
649 4799 717 4858 tili,
731 4809 775 4844 eur
784 4795 885 4858 laquelle
901 4793 1054 4855 etoitgrnrde
1070 4793 1092 4841 lc
1108 4792 1183 4855 dgure

516 4881 573 4928 d'un
584 4875 736 4940 religieuxde
744 4882 814 4924 notre
824 4873 904 4935 ordre,
917 4881 941 4922 et
951 4879 1038 4922 nutour
1046 4873 1074 4920 de
1083 4873 1183 4935 loquella

516 4959 574 5010 droit
586 4959 641 5006 d'un
652 4957 704 5005 eote
719 4955 779 5004 derit
791 4967 822 5004 en
837 4953 918 5002 lettres
930 4953 1040 5018 gotiques
1057 4953 1182 5016 lepitapbe

516 5037 638 5096 univoca:

1302 3693 1317 3730 a
1330 3671 1388 3735 llic
1393 3671 1481 3754 jacet
1491 3669 1594 3753 frater
1607 3671 1814 3754 boymundus
1825 3695 1924 3759 quone

1261 3750 1831 3842 damsccrc'stoprimselupdcccercst's
1840 3753 1923 3818 cccle-

1259 3830 1326 3906 sic,
1348 3831 1405 3914 qut
1423 3830 1504 3896 obiit
1515 3848 1601 3894 amco
1616 3829 1673 3894 dai
1684 3828 1852 3897 millesimo
1867 3833 1924 3896 dc-

1259 3910 1425 3975 cctctesimo
1448 3915 1541 3976 XXII
1554 3909 1637 3993 (lisez
1657 3909 1761 3994 LXII),
1787 3917 1835 3974 IX
1853 3910 1919 3974 Καί.

1260 3987 1409 4055 octobris.

1259 4087 1273 4115 ιι
1290 4071 1323 4118 lia
1334 4069 1417 4118 l’sutrs
1427 4069 1479 4119 οὐκ
1489 4070 1549 4119 etoit
1558 4069 1723 4133 psreiilement
1737 4069 1797 4118 ecrit
1804 4083 1833 4118 sn
1844 4071 1924 4140 lettres

1259 4149 1487 4311 ,amm
1513 4225 1619 4313 frater
1637 4227 1845 4308 Royrnaucdas
1862 4231 1924 4290 lio-

1259 4306 1359 4399 morct',
1391 4305 1553 4400 quotidem
1588 4305 1743 4390 magistet·
1772 4311 1802 4395 et
1829 4307 1924 4390 prior

1255 4385 1466 4470 prmvccccaitc
1502 4387 1644 4470 fratrum
1675 4383 1923 4470 predicatorum

1258 4467 1295 4531 io
1306 4467 1457 4544 Fraracc'o,
1476 4466 1532 4551 quc'
1545 4464 1626 4530 obiit
1641 4465 1729 4529 1317.
1747 4485 1762 4524 a

1260 4563 1340 4628 (brob.
1356 4565 1388 4614 du
1405 4565 1496 4626 libone,
1508 4563 1600 4614 iurent.
1613 4579 1670 4612 mas.
1683 4563 1725 4612 des
1740 4563 1861 4622 Jnoobins,
1872 4569 1887 4610 t.
1899 4565 1921 4622 t,

1258 4644 1542 4788 so{ipsulm-Breuem,
1566 4733 1652 4774 mnton
1673 4723 1703 4773 de
1717 4721 1829 4774 Trtvoux
1850 4720 1921 4783 (Ain),

1257 4805 1376 4868 acquisen
1391 4807 1457 4852 titt.
1472 4803 1508 4868 (V.
1521 4817 1546 4868 p.
1556 4807 1595 4866 21,
1608 4801 1707 4866 sotei.)
1810 4816 1815 4840 t
1836 4821 1839 4828 ·

1289 4881 1323 4947 (s)
1347 4883 1632 4948 (livriaci-d'izergoes,
1649 4889 1736 4932 centon
1761 4881 1791 4930 ds
1806 4879 1924 4930 limones

1258 4961 1370 5106 (⁸3⁰3
1381 5040 1511 5106 riderent,
1522 5058 1547 5108 p.
1561 5045 1710 5102 tumbole-l.
