4314 6058
474 842 532 906 200
994 849 1100 910 rricrs
1123 859 1377 908 rcsrvrrcarrvas.

474 975 622 1042 dubitatio
632 977 731 1040 valeat
741 977 865 1054 moriri,
885 985 1058 1060 presentem
1069 985 1184 1042 carten
1199 975 1300 1042 aidan
1313 977 1441 1042 meleis
1452 978 1661 1042 neamus
1671 975 1774 1058 sigillo
1788 981 1894 1060 pontis

474 1077 504 1139 in
520 1075 726 1140 testimonium
741 1075 1528 1156 romanam.natunaanngraciell·cc·xlil1⁰.
1808 1087 1813 1096 ·

1091 1180 1288 1288 (Cartclet're
1301 1181 1479 1248 nemean
1493 1180 1640 1266 cernay,
1660 1181 1849 1266 (affl-NJ

710 1641 882 1702 Pammeni
894 1635 933 1702 cic
948 1633 1112 1705 menard
1125 1637 1163 1704 dc
1181 1638 1298 1710 Horse',
1320 1635 1473 1702 clareins
1489 1637 1526 1700 de
1544 1641 1641 1719 lyon.

1132 1787 1220 1852 lale.

506 1923 541 1984 lu
557 1921 682 1986 nemine
695 1919 812 1984 domini
827 1921 923 1986 nostri
936 1925 1010 1986 iesu
1026 1921 1148 1986 christi.
1164 1921 1255 1984 anno
1268 1919 1307 1984 ab
1321 1921 1529 1984 incarnatione
1545 1920 1666 1986 Domini
1682 1921 1726 1984 ll⁰
1740 1921 1802 1984 CC⁰
1813 1921 1885 1984 xlis

466 2019 531 2094 Vis,
546 2033 612 2106 egox
626 2018 823 2082 dulchardus
835 2019 873 2082 de
891 2023 1024 2094 mareu,
1043 2019 1208 2084 canorslcns
1224 2017 1448 2096 Lugdunensis,
1475 2017 1673 2082 invalitudine
1688 2017 1881 2088 constitutus,

464 2130 539 2178 sane
551 2119 653 2178 nmen
667 2115 790 2192 mentis,
807 2115 845 2178 de
866 2117 959 2182 rebus
986 2115 1064 2180 mem
1084 2117 1117 2180 in
1137 2116 1219 2178 lrunc
1241 2113 1369 2179 modam
1389 2115 1528 2194 depono
1552 2113 1709 2194 imprimis
1727 2112 1880 2184 (lirinum,

464 2211 591 2276 tratrem
602 2225 717 2286 meum,
734 2211 879 2276 heredem
892 2212 1021 2292 institue
1034 2212 1066 2274 in
1085 2211 1230 2276 omnibus
1251 2209 1493 2290 possessionibus
1507 2209 1596 2286 meis,
1609 2215 1640 2272 et
1649 2208 1785 2290 precipio
1799 2205 1882 2290 quod

465 2305 652 2383 Willelmus‚
664 2308 757 2372 irater
770 2323 868 2384 meus,
878 2307 1069 2374 medietatem
1081 2306 1272 2370 usustruclus
1288 2305 1490 2385 possessionis
1501 2303 1547 2368 vel
1560 2321 1664 2370 rerum
1677 2305 1882 2386 predictarum

360 2401 362 2410 “
463 2403 613 2486 percipiat
627 2404 729 2482 qnoad
743 2405 862 2478 viserit,
879 2402 933 2470 illa
947 2409 1051 2466 umen
1061 2401 1198 2484 quodsi
1215 2401 1330 2466 dntum
1345 2399 1533 2466 Willelmum
1545 2401 1612 2466 sine
1625 2399 1884 2480 heredecorperis

462 2501 511 2564 sni
521 2499 667 2566 decedere
675 2501 846 2580 condgerit,
863 2502 1068 2580 possesiones
1083 2499 1218 2580 predicte
1231 2497 1270 2562 ad
1280 2499 1434 2574 airinom,
1448 2500 1572 2562 irenem
1586 2513 1702 2574 merim,
1716 2504 1747 2562 et
1756 2498 1793 2560 ad
1813 2500 1881 2578 ejus

461 2596 542 2660 illios
551 2596 704 2662 masculos
719 2595 814 2662 libere
825 2603 1026 2672 revertantur,
1040 2599 1098 2660 lroc
1112 2596 1215 2660 addito
1228 2595 1309 2674 qrrod
1320 2595 1418 2660 dicus
1429 2599 1481 2670 G.,
1491 2601 1522 2658 et
1535 2598 1584 2658 W.
1601 2596 1696 2659 nichil
1708 2595 1881 2678 percipiant

460 2691 603 2756 derebus
625 2693 712 2768 meis,
725 2691 823 2756 donec
844 2693 988 2757 omnibns
1011 2693 1175 2772 legatariis,
1197 2692 1310 2772 quibus
1331 2689 1469 2770 legavero
1485 2691 1530 2754 vel
1549 2692 1581 2754 in
1605 2691 1726 2770 scriptis
1747 2689 1794 2756 vel
1810 2692 1879 2756 sine

372 2795 376 2802 ’
414 2783 420 2794 ’
458 2791 592 2870 scriptis,
611 2791 916 2854 tucntsacislactam.
940 2789 1047 2866 Maiori
1067 2789 1172 2852 domni
1193 2789 1395 2852 cartusiensis
1408 2787 1527 2852 ordinis
1540 2788 1664 2850 donnum
1680 2789 1879 2868 quaminlrn-

458 2885 522 2948 lrito
536 2886 786 2966 proanimarnea
797 2884 876 2964 lege,
892 2885 1025 2965 exceptis
1039 2885 1149 2950 domus
1160 2881 1418 2964 superlectilem,
1430 2886 1534 2964 quein
1552 2885 1657 2948 eadem
1673 2885 1764 2948 domn
1777 2886 1879 2948 corni-
1957 2923 1963 2940 .

458 2987 581 3057 neuter,
596 2983 639 3046 ita
652 2988 755 3048 amen
772 2981 854 3062 quud
868 2981 1004 3064 medela
1017 2983 1127 3047 domus
1141 2981 1278 3049 cartusie
1295 2982 1380 3060 prior
1392 2987 1423 3044 et
1434 2982 1578 3047 monachi
1590 2980 1709 3046 solvant
1720 2983 1771 3046 Lx
1782 2981 1877 3060 lingas

457 3077 586 3144 wdesie
600 3078 798 3157 Lugdunensi
814 3095 869 3158 pro
880 3079 1088 3145 anniversario
1100 3094 1170 3142 meo
1188 3075 1318 3157 singuiis
1329 3077 1417 3142 annis
1431 3078 1580 3154 iaciendo,
1598 3085 1628 3142 ei
1645 3077 1780 3157 precipio
1792 3077 1877 3158 qnod

457 3173 634 3256 nepotianus
654 3173 781 3240 orsiesis
801 3177 905 3242 Sancti
919 3175 1063 3251 sommi
1079 3175 1143 3240 sive
1161 3175 1201 3238 sit
1220 3174 1259 3238 de
1279 3189 1408 3254 corpore
1424 3172 1553 3238 ecclesie
1576 3175 1791 3254 Lugdunensis
1811 3175 1877 3238 sire

456 3286 531 3347 nou,
547 3271 580 3336 in
592 3271 642 3336 die
653 3271 853 3338 anniversarii
864 3273 937 3349 mei,
951 3278 1099 3354 magnam
1111 3271 1288 3344 emuniens,
1300 3269 1421 3352 plenam
1437 3271 1564 3350 recipiat
1573 3272 1756 3352 portionem.
1771 3271 1877 3335 licnle-

456 3367 500 3432 eie
514 3368 646 3434 Ferrarii
661 3369 804 3448 relinquo
824 3372 846 3436 ss
865 3369 980 3434 solidos
996 3369 1036 3434 ad
1054 3369 1216 3434 emendam
1231 3374 1342 3432 terram
1363 3383 1421 3447 pro
1438 3367 1646 3434 aurtiversario
1660 3383 1730 3432 meo
1745 3367 1877 3448 singulis

455 3466 545 3528 annis
559 3464 707 3530 iaciendo.
729 3463 864 3530 Ecclesia
886 3467 988 3532 Sancti
1011 3466 1147 3545 Hrrenei
1165 3467 1189 3530 C
1208 3463 1324 3530 solidos
1336 3465 1393 3528 sun
1406 3465 1515 3530 eadem
1530 3465 1627 3528 torma
1647 3463 1726 3544 lego.
1740 3463 1877 3529 Ecclesia

455 3565 559 3626 Sancti
574 3563 660 3628 Pauli
676 3567 698 3627 C
712 3563 827 3628 solidos
839 3565 896 3630 sub
910 3563 1017 3630 cadem
1030 3564 1129 3628 dorma
1147 3559 1226 3641 lego.
1249 3561 1603 3628 maerensmaerens
1624 3566 1679 3628 llll
1699 3563 1794 3628 libras
1813 3565 1873 3626 sulr

456 3659 563 3722 eadem
588 3661 687 3722 lorrna
710 3659 789 3738 lego.
810 3661 943 3726 Ecclesia
965 3661 1068 3738 &neti
1093 3660 1174 3724 Petri
1197 3659 1381 3728 monialium
1403 3659 1617 3738 Lugdunensis
1640 3660 1793 3726 caolides
1814 3661 1876 3724 suls

457 3755 564 3820 eadem
578 3756 678 3820 lorme
692 3753 772 3836 lego.
789 3757 921 3822 Ecclesia
940 3757 1042 3820 Sancti
1056 3757 1164 3818 Nicelii
1183 3757 1235 3820 Lll
1251 3755 1364 3824 solidos
1374 3755 1431 3818 snlv
1446 3754 1551 3818 eadem
1564 3756 1661 3818 lnrmn
1674 3753 1752 3834 logo.
1769 3755 1876 3820 Eccle-

337 3874 341 3882 ·
456 3852 502 3916 aie
516 3851 555 3914 de
566 3849 697 3916 Plateria
708 3855 760 3918 XL
774 3851 888 3918 solidos
903 3853 961 3917 sub
974 3853 1080 3917 eadem
1091 3853 1188 3919 lorma
1199 3851 1277 3930 lego.
1292 3851 1426 3915 Ecclesia
1438 3851 1540 3915 Sancti
1556 3853 1678 3930 Georgii
1688 3855 1744 3916 lix
1759 3851 1877 3917 solidos

456 3947 515 4012 sub
535 3949 643 4012 eadem
664 3951 763 4016 torma
776 3951 855 4030 lego.
871 3951 1004 4014 Ecclesia
1020 3948 1124 4012 insula
1142 3949 1276 4012 Barbare
1297 3950 1318 4012 G
1336 3947 1452 4014 solidos
1471 3947 1529 4011 sub
1550 3948 1656 4012 θθᾱθω
1671 3951 1770 4012 lorrna
1794 3951 1872 4030 logo.

456 4046 589 4110 Ecclesie
604 4047 809 4112 Saviniecensl
825 4051 846 4112 C
866 4045 981 4110 solidos
994 4045 1175 4134 sub-eadem
1187 4046 1285 4106 lorrna
1301 4043 1379 4122 lego.
1395 4043 1506 4106 Domui
1519 4044 1557 4108 de
1573 4046 1683 4110 Chasei
1698 4049 1747 4110 Lx
1758 4047 1875 4110 solidus

457 4145 515 4208 sub
529 4145 637 4210 eadem
652 4145 751 4208 iorma
764 4145 843 4224 lego,
855 4151 883 4208 el
898 4144 1033 4224 precipio
1043 4147 1077 4204 nt
1086 4141 1263 4221 capellanus
1274 4139 1402 4204 ecclesie
1414 4156 1462 4204 res
1473 4148 1592 4222 emptas
1604 4141 1640 4204 de
1653 4142 1732 4206 dicia
1743 4145 1876 4224 pecunia

456 4245 559 4306 teneat
569 4247 600 4306 et
612 4243 856 4308 anniversarium
870 4255 973 4306 meurn
982 4240 1083 4315 iaciat,
1094 4238 1138 4302 ila
1148 4243 1250 4302 tamen
1266 4236 1348 4316 guod
1360 4237 1538 4317 capellanus
1549 4237 1589 4304 de
1605 4239 1723 4314 Sivreu,
1737 4239 1876 4321 cupella-

456 4353 515 4402 nus
526 4335 743 4412 nenaroilleu,
755 4335 931 4418 capellanus
943 4337 980 4400 de
992 4335 1146 4400 cnnoellai
1156 4335 1188 4400 in
1198 4333 1249 4398 die
1260 4334 1460 4398 anniversarii
1471 4337 1716 4414 procurationem
1729 4337 1874 4404 habant.

457 4434 571 4498 Domui
592 4433 630 4498 de
644 4433 770 4498 nunnus
784 4433 869 4496 Rivis
885 4433 935 4498 Lll
951 4433 1066 4496 solidos
1079 4431 1138 4494 suh
1159 4429 1267 4493 eadem
1280 4431 1378 4492 lenna
1398 4429 1475 4510 lego.
1493 4433 1605 4500 nonai
1624 4431 1704 4496 d'Ali
1728 4435 1755 4498 X
1779 4431 1875 4498 libras

456 4547 513 4612 pro
530 4529 736 4594 anniversario
747 4544 818 4592 meo
838 4533 869 4592 et
891 4545 946 4608 pro
961 4529 1065 4592 anima
1077 4527 1172 4608 patris
1191 4533 1221 4589 ei
1235 4527 1341 4590 matris
1354 4543 1424 4590 mee
1442 4527 1499 4590 snb
1520 4527 1624 4592 eadem
1641 4529 1739 4592 lorma
1751 4529 1830 4610 lego,
1842 4537 1876 4597 et

455 4625 573 4690 lnidem
595 4623 678 4705 eligo
700 4625 889 4706 sepulturam
909 4639 1023 4700 meam,
1039 4631 1070 4688 el
1096 4623 1231 4704 precipio
1253 4627 1286 4686 ui
1300 4623 1351 4690 LX
1380 4623 1470 4686 solidi
1493 4623 1706 4704 expendantur
1726 4625 1758 4688 ln
1781 4641 1876 4688 cons-

453 4721 587 4788 truendo
609 4721 751 4802 sepulcro
774 4737 845 4786 meo
865 4728 895 4786 et
918 4737 1008 4788 cruce
1020 4719 1265 4801 superponenda.
1288 4719 1440 4782 Prioratui
1458 4719 1496 4782 de
1514 4719 1601 4784 sales
1619 4723 1671 4786 Lx
1686 4719 1800 4786 solidos
1814 4727 1874 4787 srrb

454 4819 564 4884 eadem
578 4819 678 4898 lprrna
692 4819 772 4898 lego.
796 4817 964 4882 conventui
979 4818 1017 4881 de
1030 4821 1070 4882 io
1083 4819 1133 4880 Lx
1157 4815 1272 4879 solidos
1297 4831 1352 4895 pro
1376 4815 1585 4880 anniversario
1598 4835 1669 4882 meo
1690 4819 1747 4881 salv
1763 4819 1875 4886 eadem

455 4916 555 4979 forma
569 4915 648 4994 lego.
664 4915 776 4980 Domni
794 4915 963 4980 delirandi
980 4917 1081 4978 idonie
1095 4915 1151 4977 llll
1165 4912 1278 4976 solidos
1293 4911 1352 4974 sub
1365 4912 1471 4976 eedem
1487 4915 1585 4976 lorrna
1608 4915 1686 4992 lege.
1705 4917 1875 4988 conventui

455 5011 543 5080 nella
556 5012 635 5080 ville
658 5015 709 5082 Lx
730 5010 844 5078 solidos
864 5013 922 5078 enh
941 5011 1051 5080 eadem
1073 5012 1172 5080 lorma
1193 5008 1271 5088 lego.
1298 5009 1408 5080 Domui
1434 5011 1561 5080 licuerie
1582 5013 1666 5076 xxx
1681 5011 1797 5076 solidos
1813 5017 1875 5084 sun
1965 5083 1971 5090 ,
