4314 6058
771 853 876 916 arbans
898 865 1151 918 susurratores.
1399 845 1401 848 ’
1608 855 1663 914 llil
1738 879 1741 885 ·

243 982 363 1050 soluere
374 983 488 1050 debent
501 983 663 1048 annuatim
672 984 880 1052 Albanncensl
891 984 1018 1052 ecclesie
1031 993 1093 1050 tres
1103 983 1234 1066 gallinas
1245 992 1275 1050 at
1291 987 1338 1050 ΙΙΙ
1352 983 1468 1050 solidos
1487 985 1663 1062 censuales;

247 1083 463 1148 licebitautem
478 1083 625 1148 tratribus
637 1085 739 1164 pontis
752 1085 786 1150 in
795 1085 939 1166 predictis
947 1084 1027 1150 locis
1040 1085 1183 1150 edificare
1196 1081 1243 1150 vel
1255 1101 1350 1167 opera
1363 1099 1418 1148 sua
1428 1085 1537 1160 lacere,
1546 1083 1592 1150 vel
1603 1084 1666 1150 alia
1752 1145 1759 1152 .

245 1195 441 1262 quecumque
450 1181 526 1262 ipsis
540 1177 700 1262 placuerit,
712 1181 752 1246 ad
766 1179 889 1246 libitum
901 1197 1004 1258 suarm
1015 1181 1166 1259 mrumst
1180 1179 1227 1246 vel
1242 1181 1302 1264 ipsi
1316 1182 1424 1246 lralres
1436 1183 1539 1262 pontis
1550 1181 1596 1247 vel
1611 1181 1665 1248 alii

246 1277 391 1342 mandato
412 1293 531 1354 eorum,
551 1277 660 1342 domos
691 1277 735 1342 ibi
761 1279 979 1356 edificaverint,
1001 1280 1231 1344 firmamentum
1249 1277 1312 1343 sive
1338 1279 1516 1343 investitura
1535 1279 1665 1346 fratrum

249 1374 349 1454 pontis
363 1374 422 1438 erit
434 1381 463 1438 et
484 1375 644 1440 servitium
665 1375 781 1440 ibidem
794 1375 1002 1456 assignatum
1029 1372 1134 1438 laudes
1153 1389 1226 1439 vero
1246 1380 1277 1438 et
1298 1373 1544 1466 venditionesai
1570 1376 1665 1442 dictas

248 1471 356 1534 domos
371 1471 460 1534 vendi
484 1470 529 1536 vel
551 1471 681 1552 obligari
704 1474 905 1554 contingerat,
918 1473 958 1536 ad
977 1473 1222 1536 athanacensem
1239 1470 1397 1536 ecclesiam
1422 1475 1584 1554 pertinent.
1605 1474 1665 1538 Sed

250 1568 417 1632 nomadum
431 1566 513 1648 quod
526 1567 635 1632 domus
644 1571 701 1634 snb
714 1567 769 1633 tali
778 1569 987 1634 moderatione
1000 1568 1111 1634 debent
1119 1565 1254 1632 edificari
1264 1573 1307 1642 ot,
1321 1585 1340 1631 a
1354 1575 1446 1648 ponte
1455 1572 1666 1634 versnssanc-

249 1671 309 1728 tarn
324 1661 485 1740 Helenam,
494 1663 573 1728 inter
586 1665 683 1729 dictas
697 1671 793 1730 terras
803 1673 834 1728 at
844 1663 1017 1740 Rodanum,
1029 1665 1081 1727 ria
1091 1669 1265 1746 competens
1275 1663 1476 1746 relinquatur.
1491 1661 1665 1732 Notandum

251 1767 387 1843 preterea
404 1760 525 1840 quodsi
544 1763 734 1842 contingeret
752 1767 962 1842 preceptorem
978 1765 1008 1823 et
1025 1760 1133 1824 fratres
1154 1761 1256 1842 pontis
1278 1762 1404 1828 domum
1419 1765 1522 1844 pontis
1542 1771 1571 1828 et
1586 1781 1666 1845 pon-

250 1865 311 1924 tem
336 1856 511 1938 relinquere
532 1859 575 1922 ita
597 1859 680 1940 quod
694 1860 804 1924 domus
826 1859 937 1940 pontis,
960 1857 1161 1938 quod'absitl
1185 1875 1242 1923 nec
1263 1861 1446 1938 magistrum
1478 1879 1534 1926 nec
1556 1863 1665 1926 iratres

251 1955 370 2034 aliquos
384 1955 520 2031 baberet,
535 1963 597 2020 tarn
610 1958 679 2037 ipsa
697 1955 825 2038 capella,
839 1971 932 2036 quam
950 1953 1011 2018 alie
1027 1955 1235 2034 possessiones
1249 1957 1286 2019 ad
1304 1955 1549 2048 Athanacemem
1565 1957 1665 2024 eccle-

250 2053 327 2116 siam
337 2051 433 2115 libere
449 2060 630 2118 remearent.
646 2053 751 2118 lterim
764 2051 932 2126 verodom
947 2051 1042 2114 dictas
1058 2052 1264 2130 possessiones
1277 2053 1431 2128 tenebunt,
1443 2055 1552 2118 iratres
1564 2057 1665 2136 pontis

252 2165 306 2228 pro
316 2147 452 2228 predicta
464 2155 545 2212 terra
555 2149 684 2230 siugulis
693 2149 866 2224 abbatibus,
879 2147 931 2228 qui
941 2146 980 2212 de
990 2163 1069 2217 novo
1079 2147 1264 2212 creabuntur
1272 2149 1304 2212 irr
1317 2149 1527 2216 athanacense
1539 2149 1667 2216 ecclesia

250 2261 306 2324 pro
327 2245 535 2323 recognitione
557 2247 585 2308 x
608 2245 722 2309 solidos
736 2243 854 2308 solvere
874 2243 1039 2308 debebunt.
1066 2246 1146 2312 Item
1163 2245 1271 2307 iratres
1294 2247 1395 2325 pontis
1409 2249 1563 2314 rellurum
1576 2247 1668 2314 illum

251 2341 428 2421 quemfecit
445 2339 592 2406 Rodanus
605 2343 662 2406 sub
678 2347 771 2421 ponte
784 2341 912 2404 interius
930 2355 1035 2402 versus
1049 2341 1191 2404 saneim
1206 2338 1366 2416 Helenam,
1383 2343 1422 2406 de
1435 2361 1497 2423 quo
1519 2361 1667 2425 magnum
1708 2383 1712 2394 ·

252 2437 424 2520 periculum
440 2437 598 2512 iminebat,
612 2438 655 2500 ita
672 2437 784 2500 debent
793 2449 950 2499 removere
965 2431 1012 2498 uel
1033 2432 1189 2498 retardare
1203 2431 1423 2513 lignaminibus
1436 2441 1499 2504 sive
1513 2437 1668 2522 lapidibus

255 2533 301 2599 uel
317 2533 387 2598 aliis
403 2533 513 2612 modis,
532 2535 614 2614 quod
635 2531 739 2598 alveus
757 2530 876 2596 Rodani
890 2537 1038 2610 unquam
1051 2534 1153 2594 rectus
1168 2529 1292 2606 delluat,
1311 2537 1341 2594 et
1354 2538 1467 2598 terram
1484 2533 1529 2599 vel
1544 2553 1668 2616 posscs-

254 2633 356 2696 sioues
376 2631 596 2696 Albanacensis
613 2628 739 2696 ecclesie
752 2629 795 2693 ibi
812 2627 982 2706 adjacentes
1003 2643 1147 2707 rumpere
1167 2624 1212 2690 vel
1234 2625 1391 2692 deauuere
1410 2632 1567 2696 occasione
1585 2633 1669 2697 illius

255 2729 390 2791 rallnxus
402 2725 578 2790 nullatenus
589 2727 701 2808 possit;
715 2727 772 2790 boc
782 2732 884 2788 autem
895 2723 1008 2788 debent
1019 2724 1118 2788 lacera
1129 2725 1238 2788 tratres
1253 2726 1448 2806 pontiajuxta
1459 2730 1669 2807 cogniciouern

255 2826 382 2901 abbatis,
397 2825 451 2905 qui
468 2839 524 2904 pro
540 2830 678 2903 tempore
696 2822 797 2895 luerit,
810 2833 882 2884 aum
896 2817 1024 2884 consilio
1038 2819 1190 2884 bonorum
1203 2819 1349 2897 viromm,
1366 2825 1534 2888 monadum
1548 2843 1670 2906 presen-

257 2929 316 2987 tem
330 2927 443 2988 statum
455 2917 502 2984 vel
518 2920 634 2984 variam
646 2925 820 2998 temporum
833 2916 1070 2992 successionem,
1081 2917 1135 2996 qui
1149 2922 1253 2980 utrum
1267 2919 1376 2982 iratres
1395 2922 1495 3000 pontia
1514 2921 1605 3002 plene
1621 2924 1666 2988 vel

252 3019 357 3081 minus
368 3018 400 3080 iu
412 3015 588 3095 hujusmodi
602 3013 747 3088 refluxus,
761 3012 815 3092 qui
828 3011 995 3092 vulgariter
1010 3012 1060 3093 loy
1075 3012 1195 3090 dicitur,
1214 3015 1331 3094 operati
1349 3017 1463 3082 luerint
1481 3017 1526 3082 vel
1549 3023 1670 3100 operari

191 3155 194 3164 ·
262 3111 329 3192 plus
343 3111 473 3176 debeant
486 3125 670 3190 cognoscere
684 3107 805 3172 debent.
825 3109 892 3170 llec
905 3108 1009 3172 omnia
1023 3115 1183 3190 preceptor
1195 3116 1226 3174 et
1243 3109 1419 3192 capellanus
1431 3115 1533 3194 pontis
1548 3117 1672 3195 juram-

262 3216 331 3272 runt
345 3225 400 3289 pro
413 3223 446 3270 se
459 3213 490 3270 et
504 3223 559 3286 pro
575 3203 644 3268 aliia
660 3204 804 3268 iratribus
818 3219 852 3266 ae
863 3203 991 3267 tirmiter
1006 3212 1179 3268 servaturos
1199 3213 1230 3269 et
1247 3205 1334 3270 nulla
1347 3209 1465 3274 ratione
1479 3212 1524 3276 vel
1547 3216 1671 3294 ingenio
1760 3214 1763 3220 '

260 3315 364 3372 conua
382 3309 538 3380 venturos,
560 3309 591 3366 et
603 3303 663 3366 hoc
683 3303 892 3380 juramentum
912 3315 1018 3364 omnes
1035 3309 1228 3383 preceptores
1248 3293 1448 3386 et'capellani
1464 3311 1517 3389 qui
1534 3313 1566 3376 in
1580 3314 1672 3378 domo

261 3401 415 3484 pontisvel
425 3403 458 3466 in
470 3397 588 3482 capella
600 3405 755 3480 ponentur
766 3395 813 3462 vel
828 3397 866 3462 da
875 3400 1158 3478 nouocraabuntur,
1171 3402 1204 3466 in
1213 3401 1347 3483 capitulo
1359 3405 1563 3474 athanacensi
1575 3413 1673 3476 lacere

262 3503 453 3565 tenebuntur.
467 3501 514 3573 Et,
532 3513 571 3562 ne
584 3512 678 3577 super
689 3495 845 3577 premissis
859 3492 963 3574 aliqua
983 3493 1081 3560 valeat
1094 3497 1295 3580 imposterum
1313 3503 1431 3580 questio
1449 3505 1593 3584 suboriri,
1608 3527 1674 3590 pre

264 3615 333 3661 sans
347 3603 430 3661 carta
441 3612 498 3676 per
508 3593 707 3676 alphabetum
717 3592 823 3666 divisa,
833 3589 936 3670 sigillo
949 3599 1053 3657 nocuo
1065 3595 1217 3670 roborata,
1228 3597 1305 3659 lacta
1317 3597 1374 3660 luit
1388 3598 1426 3664 de
1439 3601 1595 3668 voluntate
1608 3621 1675 3685 par-

263 3696 337 3758 tium
347 3695 379 3757 in
390 3693 599 3756 testimonium
616 3690 760 3754 veritatis.
776 3686 885 3752 Actum
898 3703 978 3752 anno
989 3690 1112 3754 Domini
1125 3693 1170 3754 ll⁰
1185 3693 1246 3756 00⁰
1261 3696 1331 3757 xx⁰
1343 3696 1407 3758 vlt

763 3791 957 3878 (cartulaire
970 3795 1148 3863 monacacrc't
1163 3795 1307 3884 dtiaoy,
1324 3801 1352 3882 Ιο
1364 3809 1484 3869 LXVI¹⁰
1495 3815 1524 3870 ct
1536 3809 1592 3884 ott.)

303 4265 571 4330 Rmcaaac'aaoace
584 4266 621 4330 de
640 4283 712 4330 cena
727 4265 897 4330 etserca'cea
904 4281 969 4347 par
979 4265 1023 4330 lea
1037 4267 1144 4332 ratres
1158 4269 1299 4356 pontisas
1316 4271 1353 4335 dc
1371 4277 1458 4358 lyon
1474 4294 1510 4339 cu
1525 4275 1638 4357 saccae

804 4358 841 4422 dc
861 4357 978 4444 l'c'plc'sc
993 4361 1139 4449 d'la'coy.

929 4497 1015 4558 tate.

307 4633 371 4710 Ego
386 4633 436 4706 G,
457 4635 617 4711 preceptor
631 4627 732 4712 pontis
747 4627 878 4704 Radani,
894 4635 925 4692 ct
939 4631 956 4691 J
961 4677 981 4706 .,
1000 4627 1187 4711 capellanus,
1202 4641 1232 4698 et
1245 4635 1297 4700 alii
1319 4638 1428 4704 iratres
1447 4645 1561 4722 pontis,
1575 4654 1683 4713 notum
1719 4682 1728 4688 -

267 4728 395 4790 tacimus
409 4727 553 4790 omnibus
573 4730 727 4806 presentes
740 4723 856 4788 litteras
868 4724 1050 4804 inspecturis
1065 4729 1147 4808 quod
1166 4745 1223 4793 nos
1243 4739 1274 4796 et
1294 4733 1404 4800 domus
1420 4741 1520 4817 pontis
1533 4742 1683 4810 debemus

265 4821 607 4888 ecclesielltbanacensi
629 4837 685 4900 pro
708 4819 841 4900 quadam
865 4820 966 4897 domo,
989 4839 1083 4902 quarn
1106 4840 1250 4892 vocamus
1269 4832 1450 4910 Fustariam,
1466 4843 1497 4900 et
1510 4836 1599 4903 vinea
1625 4841 1683 4905 sibi

266 4919 408 4998 contigua
419 4925 450 4982 et
463 4919 580 4982 lornate
598 4931 658 4996 quc
676 4915 827 4994 calloria,
849 4923 910 4980 tres
925 4917 1039 4982 solidos
1054 4921 1178 4986 tortium
1197 4930 1228 4987 et
1244 4923 1407 4992 dimidium
1419 4935 1449 4992 et
1462 4930 1539 4996 duas
1551 4933 1684 5012 gallinas

265 5015 435 5090 censuales,
447 5019 478 5078 et
488 5013 546 5077 boc
561 5013 599 5076 ab
610 5009 677 5094 ipso
691 5013 793 5094 pontis
804 5011 930 5078 exordio
951 5015 1103 5079 munimus
1117 5025 1147 5080 et
1162 5025 1310 5086 tenemus.
1325 5024 1360 5086 Et
1372 5040 1411 5087 ne
1422 5041 1516 5106 super
1525 5032 1685 5108 premissis
