4330 6050
866 783 1103 832 tnunonucuiuii.
1603 784 1683 831 'xiil

272 897 345 968 duit
367 896 448 988 plus
465 893 594 987 qu’une
619 893 785 965 occasion
803 891 980 964 lavorable
1003 917 1093 985 pour
1108 895 1300 988 s'emparer
1318 897 1364 968 du
1380 897 1568 989 lponnais‚
1584 899 1687 968 0000-

272 1023 398 1094 000000
417 1001 461 1072 de
484 1000 560 1070 leur
581 998 751 1070 accorder
772 998 836 1070 (100
858 997 977 1071 1011000
993 1000 1037 1071 de
1061 1001 1279 1093 sauveg'arde
1305 1007 1335 1094 (1
1361 1004 1571 1092 0000011911
1598 1001 1687 1072 dans

272 1105 463 1200 lesquelles
478 1104 502 1174 il
519 1103 571 1174 les
587 1101 774 1175 considere
790 1125 928 1176 comma
948 1127 1006 1176 ses
1022 1107 1143 1198 sujets,
1161 1119 1195 1179 et
1209 1112 1301 1200 lyon
1318 1130 1456 1181 comme
1472 1131 1541 1180 une
1558 1107 1690 1198 depen-

274 1216 386 1285 dance
415 1211 547 1282 deson
573 1229 741 1300 royaume
764 1213 826 1296 (1).
853 1213 916 1280 Ces
943 1209 1060 1282 lettres
1076 1212 1207 1283 etaient
1226 1235 1296 1285 uus
1313 1215 1454 1286 atteinte
1481 1227 1559 1328 trop
1584 1233 1690 1304 grane

274 1313 589 1410 portdeauxdroits
599 1312 1209 1408 000000οἰ000101000100000000000
1222 1317 1690 1410 0001000000000100101100;

274 1423 515 1514 l'arohereque
537 1430 694 1512 00010010
710 1419 802 1490 donc
815 1441 858 1491 en
875 1421 1162 1494 excommuniant
1176 1445 1263 1495 ceux
1280 1423 1340 1518 qui
1357 1423 1408 1495 100
1431 1425 1569 1495 avaient
1587 1423 1692 1496 'solli-

275 1530 396 1600 citdes.
413 1533 506 1599 Getta
529 1545 668 1596 mesura
688 1525 895 1616 rigoureuse
917 1547 959 1596 ne
976 1525 1014 1598 iit
1031 1548 1099 1620 que
1115 1527 1336 1621 compliqner
1358 1528 1391 1600 la
1408 1529 1573 1600 situation
1594 1542 1629 1600 et
1649 1529 1692 1598 de

275 1633 402 1704 rendre
433 1631 688 1702 l'intervention
707 1631 751 1701 de
779 1631 811 1702 lu
842 1634 986 1722 royautd
1009 1633 1089 1724 plus
1116 1633 1247 1706 directe
1262 1655 1403 1708 encore.
1430 1639 1495 1706 Les
1518 1635 1693 1726 Lyounais

276 1738 481 1830 appeldreut
496 1737 539 1807 de
555 1736 952 1828 l'excommuuicntiond
971 1737 1004 1809 la
1019 1737 1087 1810 sois
1106 1760 1149 1810 au
1166 1760 1257 1832 pape
1273 1751 1306 1810 et
1322 1761 1366 1810 au
1381 1740 1445 1810 roi.
1462 1737 1692 1831 Philipps-le·

275 1845 333 1915 Bel
364 1845 469 1914 retint
495 1842 746 1935 l'appellntion,
774 1845 910 1936 eroqua
935 1843 968 1914 10
994 1866 1101 1915 00000
1122 1865 1164 1914 en
1188 1867 1254 1916 son
1282 1845 1415 1917 conscii
1441 1848 1693 1936 010000006-

277 1961 365 2020 texte
381 1949 425 2020 de
447 1949 637 2022 maintenir
651 1971 690 2020 00
710 1950 940 2040 sauvegarde,
956 1971 1090 2040 envoya
1103 1949 1167 2019 des
1188 1949 1339 2020 officiens
1354 1950 1418 2043 qui
1438 1951 1693 2042 vs'empurerent

277 2055 321 2125 de
334 2055 365 2124 ln
378 2053 506 2147 justice
526 2055 710 2152 0010011100.
728 2054 863 2124 Bientdt
886 2049 999 2132 marne
1022 2053 1047 2123 il
1066 2055 1243 2144 s'arrogea
1259 2066 1336 2126 tous
1358 2054 1408 2126 les
1425 2055 1535 2126 droits
1551 2053 1593 2126 de
1610 2076 1692 2126 sou-

277 2161 454 2230 veraiuete
469 2163 519 2246 (2)
544 2181 589 2232 su
605 2161 853 2252 coutraignant
874 2158 1116 2252 l'arolreveque
1138 2159 1220 2229 dlui
1238 2163 1354 2251 preter
1376 2171 1532 2230 serment
1547 2159 1591 2230 de
1611 2159 1693 2230 iidd-

323 2414 363 2494 (t)
386 2417 576 2493 Menestrier,
589 2419 609 2482 l.
630 2435 670 2494 0.,
687 2435 718 2500 p.
736 2419 786 2482 111.

319 2512 359 2591 (a)
381 2513 465 2576 Ponr
476 2512 587 2579 etahlir
604 2529 653 2580 ses
667 2513 834 2596 prouidus
855 2511 950 2577 droits
964 2529 1024 2576 aux
1038 2527 1118 2593 yeux
1132 2512 1173 2576 du
1195 2527 1284 2593 pape,
1297 2510 1549 2593 Philippeleltel
1564 2515 1598 2576 tit
1617 2513 1694 2578 iaire

280 2607 332 2671 des
350 2611 495 2690 enqudtes
510 2617 541 2674 et
562 2611 684 2692 redigor
698 2608 853 2692 plusieurs
869 2609 1034 2674 memoires
1053 2605 1125 2672 d'od
1134 2607 1269 2688 j’ertrais
1291 2605 1335 2672 les
1352 2617 1530 2689 arguments
1545 2609 1692 2684 suivants,
1773 2683 1775 2688 ,

280 2711 458 2781 arguments
472 2723 533 2788 que
542 2707 575 2786 ja
585 2707 644 2772 oito
657 2708 757 2771 moins
771 2705 870 2771 ititre
880 2706 917 2772 de
931 2705 1190 2786 reusoiguemeuts
1207 2705 1395 2786 historiques
1409 2721 1468 2785 quo
1483 2720 1561 2786 pour
1574 2701 1695 2770 donner

281 2801 423 2867 uneideo
439 2801 931 2886 deladiplomatieuet'epoqus:
1158 2869 1160 2872 .

322 2917 336 2954 «
358 2897 406 2962 lid
420 2900 668 2965 informationem
681 2901 766 2981 regie
775 2899 944 2979 majestatis
957 2904 988 2963 et
1005 2898 1073 2979 ejus
1090 2899 1209 2963 consilii
1230 2915 1324 2980 supra
1334 2897 1405 2978 iure
1419 2899 1500 2979 regis
1513 2905 1542 2963 et
1555 2898 1642 2980 regni
1662 2899 1693 2962 in

280 2993 401 3058 civitate
414 2995 611 3076 lugdunensi
633 3002 664 3060 et
684 2996 750 3076 ejus
764 2995 918 3062 territorio
939 2994 1041 3058 eidem
1061 2981 1694 3076 0000000011ζο000000101001100000000

281 3087 438 3166 Poilliaco,
449 3097 629 3173 procurator
646 3090 786 3171 ejusdem
800 3089 964 3155 inballiria
980 3089 1195 3155 matisconensi
1199 3137 1258 3166 .....
1275 3090 1470 3156 demandato
1485 3090 1643 3156 reverendi
1659 3091 1692 3155 in

282 3186 402 3250 chusto
416 3189 496 3268 patri
510 3187 627 3252 domini
636 3183 864 3252 Aurelianensis
877 3185 1024 3267 00100001,
1037 3187 1170 3249 00110000
1181 3201 1237 3266 000
1250 3187 1420 3251 0001001100
1432 3188 1545 3268 0001010
1558 3187 1607 3251 001
1616 3185 1693 3252 alias

281 3297 336 3362 per
356 3283 416 3348 tide
428 3284 537 3366 dignos
552 3282 656 3366 plures
671 3279 845 3365 probabiles
857 3281 1010 3362 recollegi
1025 3297 1096 3346 cum
1109 3282 1190 3362 juris
1202 3280 1434 3362 allegationibus
1448 3290 1479 3348 st
1498 3300 1549 3348 000
1566 3285 1694 3349 interius

281 3379 433 3443 annotavi.
551 3405 553 3410 ·
699 3415 700 3418 =
1053 3441 1056 3448 .

321 3496 337 3558 a
360 3477 486 3558 litargo
498 3475 620 3542 brevius
639 3475 678 3541 de
690 3477 769 3540 iacto
784 3480 886 3558 pateat
899 3475 985 3540 vohis
998 3473 1037 3539 ab
1052 3474 1187 3554 antiquis
1203 3474 1423 3538 etauctenticis
1437 3473 1526 3538 libris
1541 3475 1693 3556 originem

280 3587 347 3636 mes
360 3572 757 3654 materieprimoadsumsi.
1375 3579 1387 3600 ⁵

321 3689 336 3725 «
359 3669 447 3734 Unde
472 3670 506 3733 in
529 3669 718 3755 monasterio
732 3668 811 3733 beati
827 3665 935 3732 Nicetii
960 3667 1185 3748 Lugdunensis,
1202 3667 1285 3747 quod
1306 3673 1352 3730 est
1374 3668 1473 3748 major
1492 3667 1693 3748 parrochialis

278 3765 407 3829 ecclesia
420 3765 644 3846 Lugdunensis,
660 3765 693 3828 in
708 3763 843 3845 quodam
858 3761 938 3827 libro
957 3763 1148 3844 passionario
1161 3763 1273 3844 reperii
1293 3763 1377 3844 quod
1394 3770 1517 3828 sauctus
1533 3763 1691 3838 Sacerdos,

279 3861 332 3940 qui
348 3859 685 3940 aoclasieLugdnneusi
700 3857 813 3940 prefuit
815 3905 875 3922 .....
891 3855 923 3921 iu
936 3856 1211 3938 lectoegretudinis
1223 3859 1341 3938 positus
1352 3875 1456 3940 regem
1469 3860 1694 3925 Chedebertum

276 3957 427 4022 instanter
440 3957 558 4038 rogavit
571 3961 607 4022 ut
619 3957 657 4021 de
671 3961 781 4037 nepote
794 3969 850 4019 suo
859 3955 948 4020 heato
963 3953 1460 4037 11100110000100101000100.,0001
1473 3957 1691 4036 mortemejus,

275 4055 465 4133 providetur,
484 4051 567 4136 quod
587 4069 643 4117 rer
662 4053 886 4130 neccessitate
890 4099 949 4117 .....
969 4051 1019 4115 Sic
1032 4055 1160 4132 apparet
1182 4067 1287 4131 regem
1309 4052 1405 4128 luisse
1427 4059 1592 4132 patronum
1613 4051 1693 4117 dicte

275 4147 711 4230 ecolesieLugdunensis,otc.
1342 4171 1350 4184 ²
1684 4232 1686 4237 .

305 4262 336 4307 ¹a
357 4249 435 4312 Item
449 4247 562 4328 legitur
571 4247 604 4311 in
618 4246 754 4328 quodam
768 4246 847 4312 libro
857 4247 1050 4312 cronicomm
1061 4243 1143 4326 apud
1152 4241 1292 4308 Insulam
1303 4247 1481 4321 Barbarum,
1495 4245 1578 4326 quod
1589 4251 1693 4310 tamen

163 4325 172 4338 ’
273 4360 334 4409 nco
349 4344 423 4420 vidi,
442 4344 721 4426 sedperubbatem
735 4344 808 4410 dieti
823 4342 882 4409 loci
900 4343 1099 4425 etquoudam
1115 4341 1211 4406 alium
1227 4343 1369 4409 abbatem
1381 4350 1411 4408 01
1425 4341 1531 4425 plures
1542 4341 1620 4407 01100
1632 4343 1694 4408 ilde
1750 4383 1751 4386 =

272 4439 388 4520 dignos
406 4439 655 4521 intellexi,quod
669 4455 740 4504 cum
757 4439 914 4522 quondam
923 4438 1052 4506 vandali
1066 4437 1261 4504 obsedissent
1274 4439 1471 4525 Lugdunum,
1484 4435 1628 4521 quisdam
1640 4455 1695 4504 rex

270 4535 1128 4618 1000010000·υο000000111000010000100000001,οἀ
1141 4535 1303 4600 tuitionem
1316 4537 1693 4617 civiumtugdnnensinm

270 4631 434 4697 descendit
449 4633 599 4714 unguuno
619 4639 650 4698 01
663 4633 779 4698 ibidem
792 4650 887 4698 maun
903 4632 1019 4714 potenti
1035 4624 1190 4698 vandalos
1212 4631 1420 4712 debellavitet
1443 4635 1476 4698 in
1491 4634 1597 4714 lugam
1618 4648 1695 4698 oon-

268 4727 377 4792 vcrtit.
390 4730 466 4794 Cum
478 4735 582 4794 autem
591 4729 783 4810 aliquamdiu
796 4729 938 4794 traxisset
951 4728 1102 4808 lugduno
1115 4743 1246 4805 moram,
1259 4729 1517 4810 Lugdunensibus
1527 4729 1560 4793 iu
1570 4729 1693 4809 siguum

267 4823 414 4888 tuitionis
426 4823 573 4890 reulum
584 4839 677 4889 sunm
691 4823 817 4900 dimisit,
830 4823 914 4906 quod
927 4823 1053 4905 quidem
1069 4821 1217 4886 vexillum
1239 4841 1334 4906 supra
1346 4825 1500 4890 civitatem
1513 4840 1622 4889 eorum
1637 4839 1694 4887 en-

267 4920 415 4987 tnleruut
440 4937 541 5005 nsque
567 4927 635 5004 post
657 4920 896 4988 destructionem
917 4911 1143 4993 vandalorum
1166 4925 1197 4983 et
1219 4923 1395 5002 repperitur
1415 4927 1444 4985 et
1468 4921 1616 5001 probatur
1637 4935 1694 5001 per

1424 5045 1440 5089 G
