4300 6054
502 823 540 882 66
810 815 1005 888 ‘canutum
1026 841 1065 887 nn
1087 822 1221 888 n'hsursn
1242 839 1281 886 nn
1302 838 1578 887 ison-ruinam.

500 951 655 1025 dunensis,
671 950 821 1014 iohannis
836 953 874 1016 de
889 953 1006 1018 Albona
1029 952 1080 1034 (l),
1099 953 1258 1016 camerarii
1278 953 1378 1018 sancd
1397 953 1484 1016 Pauli
1503 953 1725 1032 Lugdunensis,
1747 959 1777 1016 et
1793 951 1912 1016 lectoris

499 1046 671 1120 raflmtorii,
687 1047 740 1126 qui
755 1063 810 1126 pro
821 1053 956 1130 tempore
966 1051 1057 1114 tuerit
1069 1051 1162 1114 lector
1174 1050 1335 1114 rodmunt
1347 1051 1471 1116 ecclesie
1485 1051 1708 1129 Lugdunensis,
1719 1055 1749 1114 et
1762 1049 1909 1130 precium,

497 1143 580 1221 quod
590 1143 661 1212 inde
675 1144 848 1220 habebitur,
861 1151 991 1226 ponatur
1004 1147 1036 1210 in
1048 1145 1219 1232 redditibus
1230 1147 1377 1222 emendis,
1389 1148 1443 1226 qui
1457 1147 1489 1209 in
1503 1149 1701 1226 augmentum
1715 1147 1809 1210 divini
1822 1142 1910 1208 officii

498 1238 632 1316 predicte
642 1240 767 1304 eeclmio
781 1249 1003 1318 conver-cantur,
1022 1249 1052 1306 et
1061 1244 1157 1308 dictos
1166 1245 1302 1306 redditus
1314 1245 1409 1308 voluit
1423 1244 1517 1307 dividi
1529 1250 1559 1308 et
1570 1243 1712 1325 distribui
1722 1244 1803 1307 inter
1821 1257 1911 1306 cauo-

499 1334 593 1408 nicos,
617 1337 799 1416 capellanos,
822 1339 948 1402 clericos
965 1347 995 1404 et
1016 1329 1175 1405 cler'iculos
1198 1341 1323 1404 ecclesie
1340 1341 1561 1420 Lugdunensis,
1586 1341 1784 1406 ecclesiarum
1811 1341 1910 1404 &neti

499 1435 689 1512 stephanici
705 1437 813 1499 Sancte
834 1438 938 1500 Crucis
954 1437 1174 1517 Lugdunensis,
1196 1439 1248 1518 qui
1271 1439 1441 1502 intererunt
1462 1439 1548 1502 horis
1569 1439 1726 1502 canonicis¹
1744 1445 1775 1502 et
1793 1437 1910 1500 lectioni

499 1529 660 1594 redactorii
672 1547 756 1595 sacre
776 1533 924 1613 scripture
936 1549 954 1596 a
968 1533 1120 1614 principio
1133 1551 1229 1613 usque
1241 1533 1279 1596 ad
1292 1534 1396 1608 tinem,
1411 1549 1486 1613 qum
1499 1533 1615 1612 legetur
1629 1535 1662 1598 in
1677 1533 1847 1598 redactorio
1868 1533 1912 1594 rei

499 1627 531 1688 in
556 1627 688 1690 claustro
713 1630 917 1708 lugdunensi,
944 1637 975 1693 et
1003 1631 1132 1710 quilibet
1151 1631 1299 1712 percipiat
1319 1633 1405 1694 llll⁰r
1427 1630 1584 1706 denarios,
1606 1631 1631 1692 si
1651 1631 1777 1694 alterius
1806 1630 1910 1693 diebus

499 1726 591 1788 luerit
609 1725 647 1787 ad
667 1726 841 1802 matutinas,
855 1727 942 1790 aliter
956 1728 1052 1792 nichil
1064 1728 1222 1808 percipiat,
1244 1733 1274 1790 et
1292 1727 1386 1790 lector
1400 1727 1549 1807 percipiet
1568 1744 1624 1808 pro
1643 1728 1742 1790 tribus
1763 1733 1794 1790 et
1813 1728 1909 1790 socius

499 1822 778 1902 suusproduobus.
792 1825 920 1888 curatus
939 1841 1009 1888 vero
1032 1824 1132 1888 Sancti
1157 1824 1298 1898 Romani,
1324 1823 1350 1886 si
1371 1839 1495 1902 presens
1513 1825 1614 1898 tuerit,
1631 1831 1749 1888 tantum
1766 1825 1911 1905 percipiat

499 1919 577 1982 sicut
592 1935 671 1982 unus
693 1919 731 1982 de
749 1919 817 1984 aliis
830 1921 1005 2000 capellanis.
1027 1921 1198 2000 Capelianis
1211 1927 1240 1982 et
1254 1919 1383 1994 clericis,
1400 1922 1453 1999 qui
1465 1921 1621 2002 sepulture
1633 1937 1688 1984 sue
1698 1921 1907 1992 interfuerunt,

499 2015 619 2095 singula
640 2016 720 2080 dona
739 2017 856 2082 tribuit.
878 2018 962 2082 Obiit
975 2017 1073 2082 dictus
1086 2017 1280 2080 Theobaldus
1297 2033 1378 2081 anno
1392 2017 1508 2082 domini
1523 2022 1567 2084 Μο
1584 2021 1669 2082 CCC⁰
1685 2019 1828 2082 vicesimo
1842 2032 1908 2096 sep-

497 2113 584 2174 timo.

537 2236 825 2300 11.--0bie1·unt
839 2235 1086 2316 christophorus,
1103 2234 1341 2316 meabilem-et
1353 2235 1525 2314 hginulius,
1542 2237 1837 2318 diaeonus-atque
1850 2241 1909 2300 Pe-

497 2338 572 2405 trus,
586 2331 763 2406 laicus,-et
771 2331 925 2408 lctaldus,
938 2332 1112 2405 canonicus,
1125 2330 1178 2410 qui
1190 2329 1273 2393 dedit
1282 2334 1392 2396 Sancto
1404 2333 1559 2411 Stephano
1569 2333 1647 2396 duos
1656 2333 1781 2414 cyphos,
1793 2341 1822 2406 et
1833 2333 1907 2396 duas

498 2443 617 2502 concas,
633 2433 664 2490 et
681 2427 742 2490 duo
756 2427 903 2502 monilia,
920 2434 950 2490 et
966 2431 1018 2492 xi.
1037 2427 1150 2491 solidos
1170 2427 1202 2490 in
1219 2443 1296 2508 opus
1314 2428 1407 2490 turris
1425 2429 1550 2507 majoris
1574 2429 1708 2494 eeclesiae
1726 2439 1758 2494 et
1775 2431 1907 2512 cyphum

497 2529 673 2602 argenteum
688 2539 759 2586 curu
772 2523 912 2586 cocleari.
928 2557 966 2570 -
978 2525 1089 2587 Grossa
1100 2523 1224 2596 lemine,
1237 2539 1297 2602 que
1308 2523 1392 2586 dedit
1408 2509 1443 2586 'in
1456 2539 1552 2609 opere
1562 2525 1636 2588 xxii
1648 2527 1818 2590 solidos—
1828 2525 1905 2600 Odo,

497 2618 753 2699 durBurgundie,
767 2618 931 2683 canomcus
943 2619 1035 2697 huius
1046 2617 1291 2699 ecclesiolil,qui
1301 2617 1662 2700 doditsanctostephano
1672 2623 1797 2688 cahcem
1807 2640 1909 2702 argen-

496 2724 578 2782 teum
588 2716 777 2789 deauratum,
791 2719 821 2778 et
827 2714 1039 2778 vestimentum
1051 2713 1235 2778 sacerdotale
1246 2713 1418 2792 plenarium
1426 2719 1456 2778 et
1465 2731 1601 2794 pannum
1611 2719 1743 2782 sericum
1754 2721 1792 2782 ad
1803 2735 1909 2782 ornan-

497 2813 685 2886 dumaltare,
698 2817 834 2874 etunam
856 2810 983 2872 vitream
995 2809 1026 2872 in
1042 2809 1139 2889 capite
1152 2810 1277 2889 majoris
1293 2810 1418 2874 ecclesie
1431 2811 1498 2874 lieri
1519 2813 1605 2886 iecit3
1626 2830 1683 2894 pro
1692 2818 1757 2896 ejus
1769 2817 1908 2879 anniver-

497 2911 578 2972 sario
596 2906 798 2985 communiter
821 2904 958 2968 iaciendo
970 2903 1021 2993 (3),
1042 2904 1203 2978 Robertus,
1220 2905 1430 2984 Lugdunensis
1450 2909 1697 2990 archiepiscopus
1714 2912 1765 2992 (tl,
1788 2913 1909 2992 reliquit

497 3007 585 3068 heato
599 3003 753 3083 Stephano
772 3007 893 3064 centum
912 3017 1040 3062 marcas.
1050 3033 1088 3046 -
1107 3003 1141 3064 ut
1157 2999 1263 3074 David,
1279 2999 1384 3074 laicus,
1397 3001 1450 3080 qui
1463 3001 1546 3066 dedit
1560 3004 1592 3067 in
1604 3007 1713 3086 majod
1727 3007 1907 3070 eleemosina

497 3116 594 3164 riuum
607 3099 849 3162 mornantesium
862 3097 1003 3178 siliginis.

535 3227 652 3288 Nouis.
671 3255 746 3268 —
758 3221 907 3286 obierunt
919 3221 1107 3296 Fulchcrius,
1123 3219 1213 3284 levita
1225 3227 1254 3283 ct
1272 3219 1435 3283 canonicus
1451 3220 1503 3301 (5),
1524 3223 1576 3302 qui
1598 3223 1681 3286 dedit
1704 3227 1814 3288 Sancto
1839 3227 1906 3289 Sta-

496 3321 599 3398 phano
610 3319 738 3402 Vpallia
752 3325 782 3383 ct
803 3319 864 3383 duo
880 3325 979 3400 tapeta
990 3319 1021 3384 in
1036 3319 1141 3394 choro,
1156 3317 1315 3382 scutellam
1329 3322 1503 3396 argenteam
1514 3325 1544 3381 et
1562 3319 1696 3400 cyphum
1719 3327 1906 3400 argenteum,

496 3419 633 3496 duasque
651 3415 756 3479 uncias
767 3416 834 3478 auri
847 3421 877 3478 et
888 3415 1014 3480 Moralia
1025 3415 1125 3486 iobis,

536 3543 607 3620 5-
620 3542 657 3602 Et
681 3539 828 3603 discretus
852 3541 898 3602 rir
915 3539 1057 3603 dominus
1079 3539 1252 3620 Stephanus
1270 3539 1433 3614 Curtillati,
1453 3547 1617 3622 perpetuus
1640 3541 1816 3621 capellanus
1833 3543 1909 3606 dicte

495 3637 636 3712 ecclesie,
651 3643 682 3702 et
695 3635 867 3716 Stephanus
882 3635 1044 3710 Curtillati,
1060 3632 1198 3708 clericus,
1220 3635 1284 3714 eJus
1296 3651 1391 3716 nepos
1403 3643 1433 3699 et
1448 3636 1547 3712 heres,
1562 3635 1686 3717 reliquit
1700 3653 1756 3717 pro
1773 3639 1910 3702 anniver-

495 3735 575 3797 sario
585 3733 658 3796 dicti
670 3733 717 3796 sui
727 3731 868 3795 avunculi
883 3737 1029 3810 perpetuo
1040 3731 1072 3794 in
1086 3731 1167 3794 dicta
1177 3731 1303 3795 ecclesia
1315 3733 1462 3806 iaciendo,
1477 3749 1569 3814 super
1583 3733 1676 3797 domo
1695 3749 1788 3814 quam
1804 3736 1911 3816 aequi-

493 3831 564 3894 sivit
591 3847 609 3892 a
638 3829 718 3894 dicta
749 3828 779 3892 la
802 3827 959 3902 Columba,
988 3827 1128 3890 librando
1150 3828 1341 3908 simplicibus
1362 3829 1527 3910 capellanis
1549 3835 1580 3891 et
1604 3829 1722 3892 clericis
1746 3833 1829 3894 XXV
1853 3831 1906 3892 sol.

483 4055 544 4120 ‘lus
564 4055 601 4120 de
621 4055 755 4132 Paluda,
777 4055 939 4140 quondam
961 4054 1158 4121 camerarius

494 4151 626 4220 ocreae
641 4153 871 4238 Lugdunensis,
894 4154 950 4238 qui
974 4151 1088 4219 oblita
1109 4151 1159 4218 dte

492 4251 608 4315 oemio
627 4249 720 4336 junii
744 4251 833 4314 teta.
860 4251 960 4338 cujas
982 4251 1092 4316 ocimo
1107 4267 1160 4313 re-

492 4344 632 4427 quiescat
645 4345 682 4410 c'o
692 4363 779 4428 poce.
795 4355 901 4411 huwo.

494 4439 531 4501 (t.
540 4438 602 4490 lbld.
613 4447 637 4488 et
646 4440 811 4502 Quinem-rma,
824 4441 934 4504 saleru,
946 4457 971 4506 p.
982 4442 1034 4506 tt.)

523 4533 557 4598 (t)
568 4533 627 4583 Jeeu
638 4533 748 4596 d'hlbon,
759 4536 892 4586 ahemerler
899 4537 928 4586 de
939 4538 1043 4600 serent,
1053 4538 1112 4587 duit
1121 4538 1159 4588 flle

490 4615 519 4662 de
530 4613 583 4676 Gup
594 4613 703 4676 d'hlhon,
716 4617 842 4668 chevalier.
853 4617 891 4682 (V.
904 4617 937 4667 be
947 4619 1095 4679 moramur,
1108 4617 1159 4666 lla·

492 4703 569 4753 eone,
584 4699 604 4740 t.
623 4695 647 4754 2,
666 4705 692 4755 p.
713 4695 779 4758 116.)
798 4695 834 4746 lin
855 4699 926 4758 lats,
948 4699 965 4745 il
984 4697 1019 4746 let
1036 4699 1158 4760 presente

490 4771 631 4834 l'hereumge
642 4769 688 4834 lige
701 4785 748 4836 que
757 4773 836 4824 nudlt
846 4775 957 4840 tl'eglise
966 4773 1169 4838 metropolitains·

492 4847 689 4910 ilenri‘d'hlboe,
709 4849 898 4913 cherethaeos
921 4853 993 4902 lrtre.
1020 4851 1103 4915 (lech.
1126 4851 1157 4899 du

491 4925 584 4988 thue,
595 4925 652 4976 Ues.
661 4926 680 4990 1,
692 4931 763 4992 ttdb,
773 4943 798 4993 p.
810 4930 861 4996 et.)
869 4931 888 4980 ll
897 4937 995 4981 mourut
1004 4933 1074 4994 apres
1087 4931 1156 4978 rste.

492 5003 530 5068 (v.
547 5003 666 5070 Bullloml,
680 5005 822 5074 lugdunum
841 5011 1075 5076 Secropropbanum,
1088 5009 1155 5070 lisa,

1242 4057 1314 4106 index
1326 4061 1350 4119 t,
1362 4071 1387 4120 p.
1405 4055 1454 4120 ti.)

1273 4135 1306 4200 (2)
1323 4137 1402 4186 Eudee
1418 4135 1460 4198 lll,
1484 4135 1530 4183 duc
1546 4135 1575 4184 de
1594 4135 1746 4197 Bourgogoe,
1767 4133 1805 4180 hle
1822 4131 1910 4179 deflu-

1241 4229 1299 4277 guee
1312 4215 1346 4264 ill
1356 4223 1380 4263 et
1391 4214 1467 4263 d'hlix
1484 4214 1514 4262 de
1526 4213 1651 4274 bercaire,
1664 4212 1765 4262 succede
1775 4214 1790 4260 h
1802 4222 1846 4259 eon
1855 4211 1911 4270 pere

1241 4308 1271 4343 eu
1280 4297 1290 4341 l
1298 4297 1426 4355 lto-libi,
1436 4299 1459 4340 et
1467 4299 1566 4342 mourut
1581 4306 1611 4340 en
1622 4295 1691 4340 tate.
1701 4291 1720 4338 ll
1731 4287 1911 4338 eutramnus·

1241 4371 1375 4421 dhouneur
1388 4371 1417 4420 de
1427 4371 1517 4434 l’egliee
1532 4371 1725 4432 metropolitaine
1736 4368 1765 4416 de
1776 4367 1853 4429 hyon.
1871 4364 1921 4424 (VJ

1241 4451 1361 4512 Bullioud,
1373 4451 1450 4514 bugd.
1465 4449 1628 4512 Sacropropb.
1640 4448 1709 4512 bles.)

1271 4530 1306 4595 (b)
1323 4531 1351 4585 V,
1364 4531 1475 4593 serpet,
1489 4529 1514 4578 P.
1525 4529 1548 4578 J.
1562 4539 1590 4577 ιν
1602 4532 1641 4576 bb.

1271 4607 1305 4674 (t)
1323 4609 1350 4658 p,
1362 4608 1491 4670 cl-deeeue,
1506 4621 1532 4672 p.
1550 4613 1575 4669 b,
1596 4615 1652 4658 eote
1667 4609 1692 4654 tt.
1708 4604 1840 4654 —llobert
1853 4601 1912 4648 ecrit

1239 4689 1323 4738 wudu
1331 4688 1360 4738 cle
1369 4687 1448 4738 Endos
1457 4685 1501 4736 111.

1270 4765 1305 4830 (ῑ)
1323 4765 1504 4827 adamantius,
1516 4763 1595 4814 alise
1612 4761 1845 4814 ‹ierarchen-lle
1855 4760 1912 4808 aba·

1239 4847 1311 4896 ubine
1322 4844 1354 4894 du
1365 4859 1422 4895 nom
1431 4845 1460 4894 de
1468 4842 1578 4894 bonoim
1591 4845 1664 4893 rivell
1677 4839 1911 4901 sordebimus.

1239 4926 1268 4975 tle
1279 4923 1392 4988 Sarlguy,
1403 4925 1487 4989 public
1504 4937 1549 4987 per
1566 4924 1597 4975 bt.
1618 4924 1645 4971 h.
1667 4921 1782 4980 bernard,
1803 4933 1828 4982 p.
1853 4920 1911 4975 aab,

1239 5006 1277 5053 ch.
1291 5002 1359 5066 ddi.)
