4300 6054
460 901 464 908 .
505 845 672 912 carruarnn
694 866 734 914 nn
755 849 890 914 n'hcmsa
910 868 950 916 nn
970 865 1266 918 arom-ocronns.
1529 859 1587 923 l3'l

169 977 285 1038 lamro
298 983 463 1042 contumel
475 979 678 1062 quadraginta
690 983 784 1048 libras
800 983 892 1048 misit.
910 987 945 1046 ln
959 985 1119 1049 medietate
1135 1003 1206 1049 vero
1221 985 1318 1066 ipsius
1340 992 1419 1050 terre
1435 991 1588 1070 octoginta

172 1071 266 1136 libras
281 1090 337 1154 pro
349 1075 476 1155 pignore
490 1077 583 1140 misit.
597 1081 634 1141 lit
645 1083 758 1154 terram
775 1080 894 1144 Andree
908 1083 1005 1160 Largo
1028 1098 1084 1162 pro
1101 1083 1208 1162 viginti
1228 1089 1259 1146 et
1276 1083 1374 1146 tribus
1394 1081 1481 1148 libris
1501 1088 1584 1150 emit.

171 1173 205 1233 ln
233 1177 316 1234 terra
338 1187 408 1234 raro
430 1173 658 1238 Trutannorum
679 1193 698 1238 a
719 1179 814 1240 Ponte
839 1177 877 1240 da
899 1179 994 1258 Pipeu
1025 1195 1130 1242 versus
1153 1181 1304 1256 ternant,
1334 1187 1461 1260 excepto
1487 1183 1588 1246 curtili

171 1267 319 1346 Stephani
328 1268 464 1348 Bergion,
476 1268 582 1334 dacem
595 1277 625 1334 et
639 1277 756 1352 septem
767 1273 861 1336 libras
874 1275 972 1347 misit;
988 1281 1019 1337 et
1031 1276 1063 1337 in
1077 1273 1182 1339 clauso
1196 1275 1313 1339 hiberti
1325 1275 1362 1340 de
1377 1275 1467 1340 Tison
1482 1277 1586 1342 dacem

170 1363 280 1437 libram
303 1365 336 1428 in
357 1371 438 1428 terra
455 1366 603 1430 Bernardi
621 1359 672 1448 (ll,
695 1383 754 1448 que
776 1376 823 1432 est
840 1371 873 1432 in
890 1371 1052 1450 parrochia
1078 1372 1180 1434 Sancti
1199 1373 1322 1447 Verani,
1352 1372 1459 1452 viginti
1486 1374 1585 1438 tribua

170 1459 268 1524 libris.
281 1463 318 1524 In
332 1461 441 1524 curtile
450 1461 488 1524 de
501 1467 668 1526 bluraseart
678 1465 716 1528 ab
730 1467 862 1544 Hugone
874 1465 911 1530 de
921 1467 1037 1530 llarolii
1051 1483 1107 1547 pro
1120 1468 1278 1546 sexaginta
1288 1465 1393 1530 solidis
1407 1469 1489 1532 emit.
1507 1472 1585 1534 itam

171 1557 252 1637 apud
265 1559 432 1620 iseronem
445 1557 575 1621 redemit
586 1558 624 1621 de
635 1556 722 1622 mille
731 1559 836 1623 solidis
850 1567 990 1641 quartam
1005 1569 1123 1642 partem
1136 1569 1198 1626 mm
1212 1563 1244 1625 in
1259 1563 1476 1628 mandamento
1490 1581 1585 1646 quam

171 1658 201 1718 iu
213 1654 351 1719 dominio
362 1673 456 1736 quam
472 1655 504 1720 in
519 1657 634 1736 usagiis
644 1657 782 1737 ejnsdem
800 1661 892 1722 castri
908 1661 1075 1740 obligatam
1092 1659 1263 1725 lacerando
1278 1661 1316 1724 da
1330 1663 1440 1726 Lavieu
1455 1663 1507 1744 (2),
1525 1681 1585 1744 quo

172 1754 275 1816 omnia
299 1753 423 1818 dederat
444 1753 517 1817 huic
543 1751 668 1818 ecclesio
691 1756 817 1818 Giriuus
837 1755 876 1820 da
901 1755 963 1834 Sal,
990 1758 1146 1838 quondam
1173 1759 1337 1821 canonicus
1353 1759 1582 1838 lugdunensia

172 1849 263 1914 aliam
275 1867 347 1914 saro
359 1856 499 1930 quartam
516 1855 633 1930 partem
647 1867 665 1912 a
680 1850 960 1915 dominelllanchia
972 1852 1009 1916 de
1024 1857 1205 1933 idomagneu
1226 1869 1282 1933 pro
1296 1861 1418 1918 centum
1433 1864 1463 1919 et
1476 1857 1583 1936 viginti

172 1947 259 2010 libris
278 1946 452 2027 acquisivit,
470 1952 501 2007 el
517 1945 559 2008 ibi
579 1945 730 2009 edificavit
743 1945 913 2028 presidium
931 1945 969 2010 de
990 1951 1158 2024 Fauianae,
1183 1948 1236 2012 ubi
1262 1950 1372 2030 pedam
1401 1953 1522 2016 dicandi
1545 1952 1583 2017 de

172 2039 292 2106 Bullieu
307 2042 478 2123 proviginli
490 2039 595 2104 solidis
609 2043 698 2114 amit3
713 2047 744 2104 et
758 2041 867 2122 padam
879 2043 1018 2121 lingonis
1034 2043 1072 2105 de
1092 2042 1201 2106 Bulleu
1218 2041 1257 2124 (3(
1270 2061 1326 2124 pro
1345 2053 1460 2127 septam
1476 2041 1582 2112 solidis

172 2139 256 2212 emit3
271 2143 303 2202 et
316 2139 425 2218 pedam
441 2139 522 2202 Petri
537 2137 574 2200 da
587 2135 699 2200 'lalana
712 2153 767 2216 pro
782 2136 956 2216 quindecim
967 2137 1073 2200 solidis
1079 2153 1088 2214 ;
1104 2144 1134 2200 et
1149 2143 1231 2202 ortos
1245 2139 1392 2220 Stephani
1413 2140 1452 2204 de
1470 2143 1580 2205 Sancto

173 2237 336 2300 Saturnino
356 2243 386 2299 et
398 2235 502 2298 uxoris
524 2250 582 2298 sua
596 2249 652 2314 pro
671 2233 894 2314 qninquaginta
912 2233 1049 2313 quinque
1067 2231 1190 2306 solidis;
1208 2239 1239 2296 at
1257 2234 1367 2314 pedam
1385 2237 1526 2301 Falconis
1542 2239 1581 2303 de

172 2333 308 2397 vallibus
327 2349 383 2412 pro
403 2332 560 2410 sexaginta
581 2329 707 2402 solidis;
732 2335 763 2392 ot
784 2327 894 2408 padam
918 2329 1022 2393 Poncii
1039 2329 1190 2393 d'hlavart
1209 2346 1266 2409 pro
1286 2331 1392 2395 decem
1409 2333 1533 2408 solidis;
1553 2341 1584 2397 et

174 2429 283 2508 pedam
300 2431 401 2494 Toseli
416 2445 471 2510 pro
487 2428 592 2507 uiginti
609 2427 747 2508 quinque
765 2423 869 2489 solidis
883 2439 891 2498 ;
914 2431 945 2488 at
958 2425 1070 2506 pedam
1085 2422 1231 2488 Willelmi
1250 2426 1291 2488 de
1310 2427 1506 2508 Chassagnau
1527 2445 1583 2509 pro

173 2521 374 2598 octosolidis;
391 2533 422 2588 et
434 2525 543 2606 pedam
557 2521 706 2586 willelmi
717 2521 820 2584 Talem
831 2536 887 2600 pro
902 2528 1017 2602 septem
1031 2521 1137 2584 solidis
1145 2526 1177 2584 et
1190 2538 1287 2586 unum
1304 2523 1425 2602 quartal
1436 2523 1577 2603 siliginis.

156 2623 232 2698 ¹Pro
253 2620 439 2684 molendinis
464 2636 536 2683 vero
560 2617 644 2682 dedit
661 2616 814 2681 Rollando
832 2615 923 2682 vitali
945 2623 975 2680 et
994 2617 1137 2680 iratribus
1162 2619 1228 2696 ejus
1249 2624 1281 2682 at
1306 2615 1462 2682 willelmo
1485 2619 1583 2683 Pellia

174 2717 330 2796 sexaginta
349 2716 473 2780 solidos.
495 2719 573 2780 Item
594 2718 682 2780 Petro
706 2712 842 2777 rimandi
865 2713 944 2794 paui
963 2712 1047 2776 dedit
1067 2729 1123 2793 pro
1144 2711 1320 2778 molendino
1340 2715 1446 2778 dacem
1467 2713 1580 2780 solidos

175 2811 330 2888 debitales,
351 2829 428 2893 quos
441 2811 658 2890 habebat-jure
673 2809 802 2873 dominii
818 2823 911 2890 super
927 2809 1029 2872 curtili
1051 2809 1168 2871 Sevros.
1188 2810 1264 2872 Item
1284 2809 1413 2874 redemit
1428 2810 1466 2873 da
1489 2829 1578 2876 scra-

174 2911 255 2989 ginta
282 2908 388 2974 solidis
415 2910 570 2992 gageriam
597 2923 690 2988 mam
710 2907 831 2970 bnebat
854 2903 951 2986 hymn
971 2903 1157 2968 d’Escuillon
1177 2922 1195 2967 a
1215 2905 1339 2969 domina
1366 2905 1512 2972 blanchin
1537 2910 1575 2974 de

171 3011 364 3087 llontagneu.
392 2995 468 3070 Item
492 3005 568 3068 omit
588 3021 608 3066 a
629 3007 718 3068 Patro
746 3002 835 3066 Girin
863 3006 895 3066 et
923 3001 1078 3064 sororibus
1100 3002 1165 3079 ejus
1192 3007 1305 3065 miram
1331 3009 1361 3065 et
1381 3003 1513 3067 boscum
1537 3006 1575 3070 da
1649 3079 1653 3090 ‚

170 3107 308 3167 Boconro
327 3119 382 3184 pro
401 3102 595 3183 septuaginta
608 3098 725 3164 solidis.
748 3101 827 3162 item
842 3098 925 3178 apud
943 3100 1091 3162 Sanctum
1112 3099 1277 3163 Genesium
1291 3099 1324 3161 in
1341 3099 1521 3180 Argeuleria
1538 3102 1577 3184 (l)

170 3203 241 3265 emit
250 3219 343 3266 unam
353 3202 541 3265 vereberiam
552 3216 608 3280 pro
617 3203 733 3280 septem
743 3197 859 3261 solidis.
871 3199 948 3260 Item
959 3195 1041 3276 apud
1052 3195 1156 3260 Cunils
1168 3195 1207 3278 (5)
1220 3197 1396 3260 aDuranuo
1406 3199 1578 3264 Gaudemar

169 3307 196 3362 el
212 3301 305 3364 tratre
319 3315 375 3362 suo
390 3304 420 3361 et
436 3311 542 3361 sorore
555 3300 650 3358 totam
665 3299 783 3376 partem
803 3307 890 3356 suam
905 3308 961 3372 pro
973 3293 1130 3372 sexaginta
1144 3292 1249 3356 solidis
1265 3294 1349 3371 emit,
1370 3300 1401 3358 et
1422 3295 1578 3375 quoddam

169 3397 273 3460 curtile
287 3397 326 3460 ab
336 3395 471 3476 hamone
479 3395 517 3458 dc
525 3391 711 3468 vallibus,et
722 3407 740 3453 a
750 3390 880 3454 Falcone
890 3389 973 3470 Ruyl
986 3395 1015 3452 ot
1027 3389 1239 3465 diducimus
1246 3405 1313 3464 suo,
1326 3389 1455 3454 redemit
1465 3393 1580 3458 ibidem

169 3493 321 3572 gageriam
331 3491 368 3556 de
382 3491 487 3555 decem
498 3488 597 3552 libris.
613 3489 679 3552 lita
689 3488 812 3551 Silvono
822 3486 861 3550 de
872 3484 1010 3551 vallibus
1024 3486 1098 3550 emit
1111 3485 1222 3566 pedam
1235 3485 1274 3548 de
1288 3488 1411 3550 lsarone
1421 3493 1453 3550 et
1464 3493 1577 3554 terram

169 3589 204 3653 de
215 3587 244 3652 la
258 3593 416 3668 Masanges
426 3602 482 3668 pro
493 3585 695 3665 quadraginta
705 3583 822 3646 solidis.
837 3585 916 3645 Item
927 3582 1001 3644 emit
1016 3598 1034 3644 a
1050 3581 1244 3661 Philippibus
1255 3581 1338 3662 apud
1352 3583 1524 3659 Quintanas
1537 3585 1578 3668 (6]
1599 3601 1610 3618 ‘

166 3693 288 3764 urnam,
298 3703 391 3768 quam
401 3685 514 3750 ibidem
526 3677 689 3758 habebant,
699 3697 755 3762 pro
765 3679 927 3745 duodecim
936 3679 1035 3754 libris,
1048 3686 1077 3743 et
1089 3685 1202 3742 tarram
1216 3677 1255 3743 de
1266 3681 1364 3743 Erauz
1374 3678 1414 3761 (7)
1425 3697 1481 3764 pro
1493 3699 1579 3746 saxa-

167 3785 251 3863 ginta
264 3785 367 3848 solidit
380 3783 462 3846 emit.
479 3783 516 3846 m
528 3780 610 3862 apud
627 3780 742 3843 Balaon
755 3778 794 3862 (8)
811 3783 925 3843 terram
940 3779 1021 3843 Petri
1036 3777 1164 3842 Giraudi
1178 3795 1235 3860 pro
1246 3786 1379 3860 quatuor
1389 3781 1477 3846 libris
1490 3785 1575 3848 emit.

167 3883 202 3945 lit
215 3889 325 3946 terram
342 3881 468 3946 Cornuti
485 3895 669 3961 quocunque
685 3879 725 3942 sit
742 3877 911 3959 acquisivit.
935 3880 972 3940 m
990 3879 1030 3941 ab
1047 3877 1185 3957 hymona
1199 3878 1382 3943 d'lisouillon
1396 3881 1469 3944 emit
1480 3889 1577 3946 totum

162 3979 210 4055 jus
224 3979 307 4058 quod
321 3977 495 4042 habebatin
509 3983 591 4040 terra
610 3974 648 4038 da
661 3974 705 4038 les
718 3975 880 4038 Revirores
893 3980 924 4036 et
939 3973 972 4036 in
988 3973 1089 4038 bosco.
1106 3977 1183 4038 ilem
1198 3973 1288 4038 Falco
1302 3973 1431 4040 etselvo
1452 3977 1490 4041 da
1503 3978 1578 4042 val·
1643 3983 1647 3992 ’

165 4074 245 4137 libus
258 4079 439 4156 acceperunt
453 4073 485 4136 in
499 4071 623 4135 laudum
638 4071 676 4134 ab
691 4071 757 4150 ipso
770 4069 1104 4149 archicpiscopoterras
1115 4085 1191 4150 quas
1203 4069 1357 4134 habebant
1371 4071 1404 4133 in
1414 4074 1577 4152 parrochia

167 4169 203 4234 de
216 4171 355 4236 vallibus
374 4170 413 4253 (9)
428 4175 458 4234 at
475 4169 546 4232 inde
558 4169 587 4232 ei
600 4167 773 4231 hominium
789 4167 935 4230 lecerunt.
950 4168 1027 4229 Item
1040 4167 1131 4244 Hugo
1147 4171 1179 4228 et
1193 4163 1379 4230 Amblardus
1394 4167 1432 4232 da
1453 4169 1576 4234 chastal

166 4275 346 4350 acceperuut
354 4269 394 4334 ab
408 4268 488 4330 eoin
503 4264 627 4329 lendum
641 4261 800 4343 grangiam
815 4277 903 4324 suam
916 4260 954 4324 de
968 4261 1119 4324 llarimeu
1131 4259 1190 4342 (llll
1205 4259 1314 4324 atinde
1329 4261 1387 4326 sibi
1402 4263 1575 4330 hominium

165 4360 309 4428 lacemnt.
327 4367 404 4430 Item
425 4361 604 4426 luitharius
625 4355 815 4439 d'llscuyllon
829 4363 858 4422 et
877 4356 1025 4421 Girardus
1040 4356 1077 4420 de
1095 4353 1217 4420 Builleu
1232 4365 1415 4438 acceperunt
1430 4360 1470 4424 ab
1488 4379 1523 4426 eo
1543 4364 1575 4428 in

198 4577 232 4640 (l)
250 4597 265 4624 a
275 4581 389 4632 Bernardi
405 4584 546 4646 linymundh
557 4601 571 4629 a
587 4597 644 4632 mss.
658 4583 686 4630 de
698 4582 719 4629 la
732 4580 790 4628 bibl.
804 4579 833 4626 de
941 4575 974 4638 (t)
992 4575 1109 4634 eunicus,
1120 4586 1244 4622 commune
1258 4575 1287 4621 da
1297 4573 1438 4636 languenay
1448 4571 1559 4636 (unone).

168 4656 231 4716 Lyca
941 4652 975 4716 (6)
993 4654 1112 4712 opinator,
1123 4661 1208 4701 canton
1217 4653 1244 4701 de
1254 4653 1363 4702 &imant
1374 4652 1473 4716 (boire).

197 4693 277 4797 (2).ῐῖ
294 4737 317 4784 Ρ.
333 4739 356 4784 J.
375 4728 498 4802 diluisset,
510 4755 534 4802 p.
554 4744 581 4788 dl
596 4747 638 4800 (ει
654 4739 787 4788 Cartnlnlra
804 4737 832 4784 de
941 4730 974 4792 (7)
992 4747 1006 4775 c
1017 4731 1105 4790 Cana,
1116 4747 1130 4774 n
1144 4745 1202 4779 msa.
1216 4731 1274 4778 dala
1286 4731 1346 4778 bibl.
1357 4731 1469 4793 dabyon.

168 4811 280 4876 leiuJen,
289 4831 313 4878 p.
324 4821 362 4866 dt.
737 4851 739 4858 Α
940 4809 973 4873 (8)
991 4809 1073 4870 llalan,
1082 4817 1168 4858 canton
1178 4810 1206 4860 de
1220 4809 1334 4860 llontlnel
1346 4808 1420 4874 (hin).

198 4889 230 4954 (t)
250 4894 278 4941 ll.
291 4896 346 4944 lla..
360 4896 387 4957 U,
397 4901 441 4946 907
457 4899 517 4948 ω(
526 4900 585 4948 bug,
596 4900 624 4948 gg
633 4899 708 4960 gyon,
941 4889 974 4951 (9)
991 4889 1066 4946 vaux,
1079 4897 1166 4938 canton
1178 4889 1477 4956 dalangneraylllludnel.

196 4969 230 5032 (¹)
249 4973 589 5044 Salat-Genialurganuom
603 4987 689 5028 canton
708 4979 737 5024 de
751 4975 833 5026 Saint-
941 4969 989 5032 (ld)
1008 4969 1127 5032 Massiny,
1140 4978 1225 5018 tanton
1236 4969 1266 5018 de
1277 4969 1417 5032 Vaugneray
1430 4967 1540 5030 (libone).

168 5043 483 5112 leuant-de-tbnnousso
495 5056 595 5122 (boire).
1283 5108 1319 5168 ⁴8
