4300 6054
529 833 586 894 tue
841 841 1007 892 oemuunn
1027 841 1067 890 nn
1088 823 1222 890 u'icmsn
1242 837 1282 886 nn
1303 833 1632 886 arom-serraricum

527 971 666 1044 potuum,
691 969 720 1026 et
738 961 971 1026 obedienciariis
991 957 1191 1041 Ruppeiortis
1218 955 1273 1038 ti),
1302 956 1355 1036 qui
1375 968 1457 1018 nunc
1485 957 1558 1016 sunt
1587 959 1619 1016 et
1644 949 1775 1032 quipse
1801 955 1938 1030 tempore

529 1063 651 1136 tuerint,
666 1067 728 1123 tres
743 1061 875 1122 florenos
889 1059 956 1121 auri
974 1055 1149 1121 communis
1168 1053 1322 1136 ponderis,
1336 1049 1466 1131 singulis
1481 1049 1582 1124 annis,
1607 1047 1657 1112 die
1671 1045 1827 1112 consimili
1839 1045 1939 1110 obicis

527 1159 600 1222 dicti
613 1157 764 1222 carissimi
778 1155 881 1218 iratris
899 1153 1006 1228 nostri,
1020 1169 1078 1234 pro
1092 1152 1206 1232 quibus
1218 1149 1324 1214 tribus·
1336 1147 1462 1212 florenis
1476 1152 1507 1211 et
1524 1151 1648 1211 centum
1662 1142 1769 1210 solidis
1791 1142 1889 1208 annui
1910 1149 1939 1204 et

528 1255 668 1335 perpetui
688 1251 826 1316 redditus
847 1266 901 1330 per
928 1250 1045 1313 dictum
1061 1249 1188 1312 tratrem
1206 1251 1346 1310 nostrum
1366 1241 1524 1324 quondam
1545 1239 1738 1321 acquisitisa
1755 1239 1885 1304 domino
1902 1239 1939 1302 de
1980 1241 1983 1250 '

527 1349 699 1413 iionteione
727 1345 766 1428 (i)
796 1345 876 1409 dicte
898 1342 1122 1408 obedienciarie
1137 1340 1336 1422 Ruppeiortia
1353 1337 1526 1412 ennemtis,
1545 1336 1620 1405 dicti
1641 1333 1863 1400 obedienciarii
1881 1335 1939 1396 sint

527 1447 643 1510 onerati
658 1441 775 1508 solvere
784 1447 816 1505 et
825 1439 938 1505 librare
951 1435 1081 1517 singulis
1091 1437 1180 1502 annis
1194 1434 1437 1500 anniversarium
1448 1432 1522 1497 dicti
1537 1432 1640 1496 trouu
1653 1432 1760 1507 nostri,
1776 1431 1828 1495 die
1838 1431 1940 1495 consi-

528 1541 595 1606 miii
617 1541 719 1604 obitus
743 1537 850 1618 ipsius,
867 1553 923 1618 per
938 1535 1066 1600 modum
1088 1549 1145 1616 per
1158 1547 1216 1597 nos
1233 1530 1409 1596 ordinatum
1428 1529 1461 1592 in
1479 1529 1557 1592 festo
1572 1527 1653 1593 beati
1667 1527 1773 1604 Blasii,
1789 1535 1830 1602 et,
1847 1528 1940 1591 missa

528 1639 687 1712 celebrata,
711 1635 835 1699 veniant
857 1649 951 1712 supra
976 1631 1129 1696 tumulum
1150 1631 1223 1694 dicti
1252 1629 1354 1693 iratris
1375 1628 1472 1691 nostri
1496 1627 1774 1708 processionaliter,
1787 1626 1938 1692 eentamo
2006 1680 2010 1712 ,

529 1741 620 1815 prout
631 1747 738 1814 supra;
754 1735 785 1795 et
803 1729 842 1794 de
857 1727 1013 1809 premissis
1026 1727 1182 1790 solvendis
1191 1725 1265 1789 dicti
1278 1726 1406 1787 sacrista
1421 1724 1504 1786 beati
1514 1723 1665 1804 Stephani
1677 1729 1710 1788 et
1721 1722 1938 1788 obedienciarii

529 1829 728 1912 Ruppeiortis
739 1827 800 1890 sint
812 1823 939 1904 obligati
951 1824 1008 1888 sub
1025 1839 1104 1904 pena
1122 1819 1348 1885 constitutionis
1368 1818 1568 1898 disperiens,
1588 1835 1650 1900 que
1665 1821 1698 1884 in
1719 1819 1802 1882 dicta
1812 1817 1939 1882 ecclesia

425 1925 433 1944 ·
528 1924 725 2006 Lugdunensi
747 1922 947 1992 observatum
981 1925 1012 1982 et
1037 1923 1083 1982 est
1102 1917 1262 1982 sciendum
1283 1913 1366 1996 quod
1390 1919 1495 1978 nostre
1516 1915 1700 1980 intensionis
1718 1914 1822 1980 existit
1857 1913 1939 1994 qnod

529 2020 650 2086 collatio
663 2020 743 2084 dicte
764 2015 882 2099 capelle
903 2016 1005 2080 uanis
1019 2015 1127 2087 nostri,
1143 2013 1233 2076 nobis
1254 2012 1402 2075 existento
1420 2010 1454 2074 in
1473 2009 1629 2088 humanis,
1645 2009 1685 2074 ed
1700 2026 1757 2074 nos
1777 2011 1937 2092 pertineat,

529 2117 617 2183 uobis
636 2133 708 2180 vero
731 2114 872 2180 subblato
891 2111 931 2176 de
956 2111 1070 2188 medio,
1096 2111 1135 2174 ad
1159 2109 1309 2172 decenum
1329 2107 1456 2172 ecclesie
1474 2106 1688 2187 Lugdunensis
1704 2108 1759 2189 qui
1775 2109 1868 2174 inerit
1885 2123 1939 2188 pro

529 2207 1068 2294 temporedevoiveturinbrturom.

568 2314 647 2374 item
668 2309 810 2372 volumus
834 2311 866 2368 et
887 2302 1067 2367 ordinamus
1085 2301 1170 2382 quod
1190 2299 1290 2364 dictus
1303 2297 1431 2362 sacrista
1441 2297 1522 2362 beati
1541 2299 1689 2380 Stephani
1701 2307 1733 2364 et
1754 2317 1940 2366 successores

530 2410 596 2488 ojus
609 2409 771 2472 teneantur
783 2407 814 2466 et
826 2399 957 2464 debeant
968 2397 1142 2462 ministrare
1155 2397 1222 2460 cuis
1236 2394 1411 2474 sumptibus
1426 2391 1593 2460 luminaria
1615 2399 1800 2475 necessaria,
1825 2398 1939 2462 hostias

530 2505 676 2567 cirinum
697 2516 753 2582 pro
776 2497 816 2582 (3(
820 2535 1937 2562 ......................

569 2603 648 2664 Item
665 2603 711 2661 est
725 2593 884 2660 sciendum
901 2591 984 2672 quod
998 2591 1081 2658 idern
1095 2589 1239 2654 dominus
1251 2587 1415 2655 cardinalis
1430 2585 1542 2672 legavit
1554 2590 1587 2653 in
1598 2605 1655 2654 euo
1665 2595 1846 2656 momento
1855 2590 1939 2670 operi

530 2696 643 2762 fabrice
658 2693 784 2759 ecclesie
792 2689 928 2771 predicte
940 2691 1015 2754 ΙΙΙΙθ
1025 2689 1145 2753 imncos
1159 2687 1237 2762 auri,
1257 2685 1439 2754 indumenta
1456 2685 1659 2752 sacerdotalia
1679 2687 1777 2752 rubea
1794 2687 1941 2754 seminata

530 2791 568 2857 de
581 2807 718 2874 papegay
729 2787 808 2861 auri,
823 2791 853 2849 et
866 2784 1059 2865 quamplura
1069 2783 1131 2847 elio
1143 2783 1225 2846 bona
1236 2783 1308 2848 iecit
1321 2783 1402 2849 dicte
1414 2783 1540 2850 ecclesie
1553 2791 1693 2866 tempore
1705 2785 1766 2849 vite
1775 2800 1839 2848 sue.
1851 2785 1940 2846 Orate

534 2909 592 2974 pro
625 2907 674 2956 eo.
713 2888 824 2952 Anima
855 2885 923 2963 ejus
948 2901 1004 2966 per
1039 2883 1282 2952 missumrdiam
1320 2885 1376 2950 Dei
1409 2885 1476 2950 sine
1505 2885 1568 2950 dne
1597 2884 1769 2964 requiescet
1794 2883 1827 2946 in
1855 2897 1938 2962 pace.

529 2989 638 3056 tmen.
1889 2998 1893 3007 ·

569 3087 648 3148 Item
666 3084 765 3162 magis
782 3081 868 3148 dedit
880 3081 978 3146 dictus
998 3076 1143 3142 dominus
1165 3075 1329 3142 cardinalis
1345 3079 1472 3145 calicem
1492 3095 1590 3144 unum
1612 3079 1650 3143 de
1673 3083 1818 3142 numana
1836 3075 1940 3153 signa-

530 3179 701 3245 tumarmis
723 3179 795 3242 dicti
834 3175 951 3244 domini
987 3171 1205 3257 ponderantem
1232 3191 1285 3240 sex
1316 3175 1459 3242 marchas
1480 3177 1599 3257 argenti
1630 3190 1704 3240 cum
1734 3172 1816 3238 med.
1851 3175 1940 3236 Orate

532 3293 590 3358 pro
603 3291 650 3341 eo.
950 3275 965 3304 ‘

571 3415 626 3464 vu.
641 3431 720 3447 -
732 3399 881 3465 obierunt
893 3393 1096 3472 condedimus,
1110 3393 1278 3478 praebitam
1291 3429 1332 3444 -
1344 3403 1375 3460 ct
1393 3399 1510 3481 Lupus,
1534 3399 1689 3480 dyaconus
1702 3405 1734 3462 et
1754 3405 1879 3471 cantem
1902 3431 1942 3444 -

530 3505 561 3564 et
585 3497 716 3561 Porcius
732 3491 935 3576 Charpinelii,
956 3489 1045 3556 miles
1062 3489 1114 3572 (ii,
1134 3505 1192 3572 pro
1210 3490 1297 3570 crpus
1311 3491 1415 3558 anima
1440 3497 1548 3582 Petrus
1571 3493 1712 3572 berardi,
1733 3491 1868 3559 decenus
1889 3495 1939 3577 (5),

531 3597 624 3660 irater
651 3593 728 3672 eius,
757 3589 922 3672 adquisivit
943 3586 1186 3652 anniversarium
1206 3587 1437 3670 incorporatum
1463 3590 1495 3654 in
1520 3591 1701 3656 obediencia
1731 3591 1834 3655 Sancti
1862 3595 1942 3657 ider-

532 3693 588 3756 tini
618 3691 657 3756 de
680 3689 816 3756 Planicie
844 3687 896 3770 (6).
910 3687 978 3768 5-
1000 3687 1038 3749 Et
1061 3683 1220 3750 iohannes
1243 3687 1404 3766 Bomonis,
1431 3689 1583 3771 presbiter
1607 3687 1647 3754 de
1670 3689 1842 3755 duodecim.

571 3833 614 3882 vr.
637 3847 717 3864 -
741 3813 893 3879 obierunt
911 3809 1110 3898 Tietbranus,
1134 3807 1298 3884 sacerdos;
1323 3845 1363 3857 -
1382 3817 1413 3878 et
1432 3812 1607 3902 iohannes,
1632 3812 1780 3880 reclusus.

571 3956 601 4004 v.
617 3971 698 3986 -
719 3937 870 4002 obierunt
890 3933 1095 4008 Gnichardus,
1120 3931 1333 4012 Lugdunensis
1353 3935 1602 4019 archiepiscopus
1622 3935 1661 4019 (7)
1686 3935 1767 4002 bone
1789 3945 1819 4002 et
1845 3938 1945 4002 tidelis

562 4167 743 4236 (tidocbciort,
752 4177 878 4224 manuue
886 4163 1200 4214 nominetenus-tamus
1276 4175 1301 4224 p.
1315 4159 1383 4224 iti.)

532 4246 633 4312 (mn),
1308 4239 1343 4305 (5)
1358 4239 1679 4304 V.c1·deront,p.⁷i,note
1690 4245 1729 4295 te.

563 4325 599 4388 (2)
614 4320 877 4384 docuissemus&
887 4319 1118 4384 lamentatione).
1307 4319 1343 4386 (d)
1359 4319 1669 4384 subeundo-inmune,
1680 4329 1767 4372 centon
1785 4323 1814 4370 de
1833 4323 1948 4371 iiico-de-

564 4401 600 4466 (i)
615 4399 722 4450 henna.
1277 4399 1334 4450 eto
1344 4396 1445 4464 (lain).

564 4477 600 4543 (Β)
615 4477 693 4528 ΡΜ·
711 4475 851 4539 ὓΜῑῬΙΙΙθΙι
874 4475 1000 4537 Miller·
1018 4474 1057 4524 8¹¹
1073 4473 1201 4524 ΝΜ
1307 4478 1343 4542 (i)
1358 4477 1488 4539 Gnicberd,
1505 4477 1605 4528 d'cbord
1623 4479 1703 4530 moins
1718 4479 1749 4530 de
1767 4481 1877 4541 Gioenna,
1893 4482 1949 4542 puis

533 4553 878 4619 emmoniae-dmum.
889 4551 1202 4616 incommodatum
1276 4553 1338 4606 abbe
1352 4555 1383 4605 de
1397 4555 1525 4620 Pontigny,
1542 4559 1574 4606 od
1591 4555 1608 4606 ii
1628 4561 1698 4619 mcci
1708 4555 1778 4607 duint
1794 4555 1906 4606 naalma
1919 4558 1950 4604 dc

533 4649 563 4684 sn
575 4635 637 4683 iiiii
647 4631 685 4696 (Δ.
701 4631 818 4694 Bernard,
829 4631 902 4681 doru
919 4643 963 4680 sur
972 4630 1088 4694 quelques
1110 4629 1202 4680 tnde-
1277 4633 1428 4696 cantorbiry
1443 4643 1468 4683 ct
1485 4647 1512 4684 ee
1522 4633 1555 4684 iic
1563 4634 1667 4685 domitii
1677 4647 1733 4684 erce
1751 4635 1795 4696 lui,
1815 4636 1951 4686 intelam-

533 4715 598 4764 tiono
605 4711 813 4776 cbroeoiopiquee,
823 4725 849 4776 p.
858 4709 910 4776 ii),
918 4717 1046 4761 etmourot
1053 4713 1200 4773 spreuisse.
1278 4713 1435 4778 cmitqoodc
1445 4713 1513 4780 byon
1526 4727 1557 4763 en
1571 4713 1688 4766 rioms
1701 4717 1771 4776 tiit,
1781 4713 1798 4763 ii
1810 4716 1918 4764 mistae
1928 4717 1951 4761 ia

456 4813 459 4822 ·
532 4793 553 4843 li
563 4793 621 4842 dicit
629 4791 742 4856 &meur
752 4803 783 4842 en
797 4791 875 4855 partie
883 4790 913 4842 de
923 4789 1047 4856 berscire.
1059 4790 1164 4851 beatrix,
1176 4805 1202 4839 se
1278 4795 1441 4846 constantien
1452 4797 1482 4846 de
1492 4795 1581 4862 i'tpiise
1593 4797 1623 4846 de
1641 4795 1778 4856 cisimus,
1790 4803 1823 4858 st,
1832 4809 1863 4843 en
1878 4797 1950 4854 itio,

417 4911 420 4918 ,
533 4871 592 4936 tile,
606 4871 675 4922 dome
686 4873 716 4923 de
729 4872 826 4937 cinno,
845 4875 902 4937 prta
913 4873 942 4923 de
952 4869 1036 4932 decre,
1052 4871 1141 4935 eponae
1151 4869 1203 4920 iiu·
1278 4873 1509 4938 ouconcded'dlbp.
1518 4877 1554 4924 iio
1566 4877 1627 4925 itii
1636 4875 1652 4924 ii
1661 4874 1872 4938 eonsocroiepiise
1880 4873 1954 4921 abbo·

523 4965 592 5017 ¹goes
603 4951 633 5002 de
647 4951 742 5011 iniero,
762 4951 889 5014 absentior,
901 4951 1013 5014 seigneur
1030 4951 1060 4999 de
1075 4949 1098 4999 Ιιι
1108 4949 1203 5013 drenge
1279 4951 1334 5000 tinio
1345 4951 1542 5016 debellariiie,et
1551 4960 1688 5003 mocrnten
1700 4955 1771 5002 tide.
1781 4951 1800 4999 li
1809 4951 1952 5000 iotiobume

536 5040 560 5082 et
577 5033 607 5084 de
623 5031 725 5096 tiociiiy.
744 5029 783 5095 (i.
800 5030 832 5081 de
849 5030 999 5093 iabonrcm,
1010 5030 1125 5093 iiunres,
1147 5037 1165 5080 t.
1178 5031 1202 5090 2,
1279 5029 1339 5078 dens
1353 5029 1442 5094 i’tpiise
1457 5031 1486 5081 de
1504 5031 1630 5096 Pontigny.
1649 5029 1688 5095 (V.
1707 5029 1784 5080 Gellia
1799 5029 1889 5079 christ.
1910 5027 1952 5086 iv,
