4314 6058
774 860 883 922 sudans
904 877 1157 924 susurrrcnrrvns.
1612 864 1669 928 inc

253 992 303 1050 cst
319 983 465 1062 inbimi,
480 985 589 1052 deceni
605 985 784 1067 supradicti,
797 996 827 1054 et
840 987 979 1056 Falconis
992 990 1031 1056 de
1043 991 1216 1071 Ropeiorti,
1232 989 1370 1056 cononici
1387 990 1467 1054 dicte
1486 988 1626 1068 ecclesie,
1643 1001 1674 1058 et

254 1085 394 1163 magistri
405 1081 565 1158 Gpiiieimi
577 1084 616 1148 dc
628 1087 769 1161 serrone,
785 1093 983 1152 executornm
994 1085 1102 1176 ultime
1112 1085 1279 1150 voluntatis
1292 1101 1346 1154 seu
1361 1088 1535 1151 testamenti
1546 1085 1593 1152 rel
1605 1089 1672 1154 dis-

255 1179 415 1262 positionis
427 1181 566 1260 magistri
577 1179 703 1244 Bererdi
714 1180 812 1256 Acris,
824 1181 979 1262 quendam
990 1183 1139 1262 pmetarii
1149 1181 1276 1246 ecclesie
1288 1186 1402 1258 nostre,
1414 1188 1564 1248 trecemm
1576 1181 1671 1248 libras

254 1277 478 1354 viennensium,
493 1295 570 1360 ques
584 1277 684 1342 dctus
695 1279 841 1358 magister
852 1279 1004 1344 Bumdm
1018 1279 1052 1342 iu
1063 1277 1144 1342 dictu
1157 1277 1267 1342 ultime
1279 1277 1436 1344 voiuuute
1448 1295 1505 1346 sue
1516 1296 1570 1346 seu
1583 1286 1672 1346 teste

255 1383 359 1440 mento
372 1374 419 1441 vsi
433 1374 630 1456 dispositione
645 1371 757 1454 legavit
770 1373 896 1440 ecclesie
910 1381 1013 1440 neone
1028 1390 1084 1455 pro
1096 1375 1216 1438 duobus
1226 1375 1450 1454 anniversariis,
1464 1381 1495 1440 et
1508 1383 1631 1443 centum
1641 1384 1672 1442 et

255 1473 478 1554 quinquaginta
494 1471 589 1536 libres
601 1471 814 1536 viennensium
826 1472 863 1536 de
879 1473 1016 1538 dumetis
1033 1471 1121 1536 libris
1137 1473 1358 1550 viennensium,
1375 1489 1452 1553 ques
1464 1471 1576 1553 legavit
1588 1475 1671 1540 idem

256 1572 401 1650 magister
413 1571 446 1634 iu
461 1568 571 1632 eadem
587 1567 696 1632 ultime
706 1568 860 1632 vctuuuu
878 1585 932 1632 seu
952 1567 1150 1649 dispositione
1163 1584 1220 1632 sna
1238 1568 1279 1632 sd
1297 1568 1461 1634 emendum
1478 1569 1615 1634 redditus
1631 1571 1671 1634 ud

256 1682 334 1748 opus
346 1666 480 1732 duorum
494 1663 745 1746 presbiterorum,
755 1665 809 1745 qui
823 1665 1011 1728 deservirent
1020 1663 1142 1729 cnidum
1154 1661 1244 1728 elteri
1257 1665 1289 1728 iu
1301 1665 1418 1728 bonore
1430 1665 1512 1730 besti
1523 1664 1672 1746 Niebuluy
1697 1735 1699 1742 ,

255 1763 289 1826 in
306 1769 409 1827 ncstm
428 1761 555 1826 ecclesis
577 1759 759 1835 edificando,
783 1765 813 1824 et
830 1759 970 1824 residens
993 1761 1218 1840 quinquaginta
1236 1759 1332 1826 libras
1354 1762 1564 1826 viennensium
1580 1760 1671 1826 solvit
1756 1753 1759 1758 ’

256 1860 346 1924 nobis
359 1860 440 1924 idem
452 1857 626 1938 Stephanus
635 1863 666 1920 et
674 1859 794 1936 integre
803 1858 985 1934 numeravit,
1000 1856 1163 1936 dequibus
1173 1857 1289 1922 dictum
1305 1853 1401 1922 altare
1412 1859 1560 1925 debemus
1578 1875 1670 1924 cons-
1719 1919 1724 1928 .

256 1963 357 2021 truerc
367 1953 590 2020 etediiicsrsin
600 1951 1040 2027 ecciesisncstrs,etuniversa
1050 1953 1242 2032 gemiments
1252 1952 1341 2018 altari
1353 1955 1488 2035 predicto
1499 1958 1670 2022 uecoesurie

257 2059 287 2118 et
296 2052 475 2116 indumento
487 2049 685 2116 mandentia
698 2065 810 2114 emere.
826 2050 929 2114 bictss
941 2049 967 2112 si
981 2049 1106 2130 quidem
1121 2055 1269 2114 cacanus
1280 2047 1374 2114 libras
1388 2053 1600 2118 viennensium
1613 2069 1669 2134 pro

256 2149 345 2214 dictis
358 2149 478 2216 duobus
492 2147 720 2224 anniversariis,
734 2152 765 2210 et
778 2153 900 2211 centum
912 2153 943 2211 et
956 2147 1180 2228 quinquaginta
1191 2145 1285 2211 libres
1295 2148 1506 2212 viennensium
1516 2149 1669 2229 predictas

258 2263 314 2326 pru
325 2245 494 2309 redditibus
508 2243 580 2308 dicti
596 2243 700 2306 aitaris
713 2242 801 2308 nobis
814 2259 834 2305 e
847 2243 927 2306 dicto
942 2243 1099 2324 Stephano
1115 2243 1240 2321 solutas,
1256 2250 1291 2308 ut
1302 2243 1418 2309 dictum
1431 2252 1488 2321 set,
1503 2252 1535 2310 et
1551 2247 1670 2326 integre

135 2376 139 2384 ·
258 2347 442 2418 numeratas,
456 2340 615 2422 posuimus
627 2339 660 2402 in
672 2339 862 2418 emptionem
871 2339 1121 2418 conqueremeuti
1133 2339 1215 2418 quod
1227 2341 1355 2405 fecimus
1369 2358 1388 2404 e
1401 2340 1498 2405 nobili
1512 2343 1577 2406 virc
1592 2343 1670 2406 Gui-

257 2438 382 2514 pbardc,
396 2437 520 2506 domine
532 2436 570 2500 de
581 2437 706 2512 Yconio,
720 2435 758 2498 de
769 2435 828 2498 boc
838 2435 920 2516 quod
931 2434 1062 2500 habebnt
1075 2435 1107 2498 in
1119 2435 1290 2515 parrochiis
1302 2437 1340 2500 de
1350 2441 1476 2518 Lyerge,
1491 2439 1529 2502 de
1538 2435 1668 2514 Poilieu‚

258 2532 397 2608 devilia,
412 2539 443 2598 et
453 2533 492 2597 de
504 2535 632 2614 Tuyseu,
648 2531 687 2594 de
700 2533 868 2594 honunes
881 2537 913 2594 et
923 2530 961 2594 de
970 2531 1101 2594 iinmeu.
1118 2533 1156 2594 iit
1165 2531 1192 2592 si
1205 2532 1281 2594 iorte
1294 2531 1449 2611 predictus
1463 2534 1668 2612 Guichsrdns,

259 2629 401 2694 dominus
412 2629 450 2694 de
462 2629 590 2704 Ycuuic,
603 2626 650 2690 vei
665 2625 795 2690 heredes
807 2625 855 2688 sui
868 2629 1049 2701 memorent
1070 2625 1150 2688 inire
1163 2624 1267 2690 decem
1281 2643 1387 2702 sunus,
1402 2643 1441 2690 ee
1460 2645 1520 2710 que
1533 2631 1566 2694 in
1583 2631 1671 2695 dictis

257 2727 427 2808 perrucbiis
436 2726 568 2790 emimus
579 2723 618 2789 ab
632 2723 738 2788 eodem
751 2722 937 2800 Guiehsrdo,
949 2737 1006 2786 nos
1020 2721 1227 2804 promittimus
1240 2723 1340 2788 eidem
1355 2725 1510 2806 Stephano
1520 2727 1671 2791 bonafide

257 2830 288 2889 et
301 2839 355 2904 per
372 2821 601 2904 stipnintionem
619 2819 702 2900 qued
716 2833 773 2882 nos
783 2817 879 2881 dictus
891 2823 1040 2882 trecorum
1054 2818 1149 2882 libras
1167 2825 1199 2882 et
1217 2819 1314 2883 dictes
1329 2825 1452 2884 centum
1470 2829 1501 2885 et
1514 2825 1670 2905 quinque-

200 2967 205 2979 ,
257 2921 341 3002 ginis
351 2919 446 2984 iibres
459 2919 519 2982 sibi
530 2915 577 2980 vai
589 2919 689 2992 Petro,
706 2911 771 2978 tilio
784 2929 851 2988 suc,
867 2911 1067 2978 redderemus
1081 2905 1111 2976 c't
1131 2913 1320 2978 traderemus
1334 2915 1557 2995 custodiendus,
1573 2921 1669 2985 donec

258 3017 463 3081 inveniremus
472 3011 635 3078 emendum
644 3015 938 3090 ccuqucrementum
949 3009 988 3072 ed
997 3025 1075 3090 opus
1086 3009 1238 3074 dicturum
1250 3009 1381 3076 duorum
1392 3014 1669 3081 anniversariorum

257 3119 287 3177 et
299 3111 434 3176 redditus
447 3107 552 3173 alteris
564 3105 702 3189 predicti.
718 3105 947 3170 Renunciamns
960 3106 994 3168 in
1006 3106 1065 3169 bec
1077 3106 1156 3170 meto
1175 3121 1214 3170 cx
1227 3113 1310 3170 certa
1324 3108 1455 3172 sciencia
1469 3117 1500 3174 et
1513 3095 1594 3176 ueni
1609 3113 1670 3176 tide

259 3209 428 3291 exceptioni
439 3223 503 3270 non
517 3210 675 3269 numerate
685 3209 786 3266 etucn
801 3201 905 3266 habits
918 3203 1057 3282 pecunie,
1071 3202 1144 3280 dcii,
1158 3203 1231 3266 etin
1246 3205 1370 3280 iactum,
1386 3212 1418 3270 ei
1431 3209 1515 3270 omni
1525 3209 1576 3271 eiii
1587 3211 1669 3273 euxi-

259 3309 301 3372 iio
313 3311 344 3370 et
355 3303 503 3370 beneflcio
516 3302 604 3366 nobis
615 3299 661 3364 vei
672 3299 799 3364 ecclesie
812 3305 915 3362 nosue
927 3299 961 3361 in
972 3299 1031 3362 bec
1046 3299 1124 3364 iacto
1134 3301 1317 3378 competenti
1329 3303 1376 3366 vei
1391 3306 1594 3384 competitore
1609 3315 1670 3372 tum

256 3405 336 3484 juris
347 3399 487 3468 canonici
500 3413 595 3479 quam
607 3394 716 3461 civilis.
732 3397 770 3459 iu
783 3394 870 3473 cuius
881 3395 927 3458 rei
941 3395 1150 3460 testimonium
1161 3395 1242 3459 dieto
1256 3397 1414 3480 Stephane
1425 3408 1581 3480 presentes
1595 3402 1672 3468 litte

260 3517 310 3564 rus
321 3497 470 3563 tradimus
483 3494 576 3574 sigilii
587 3492 684 3557 nostri
695 3488 821 3572 capituli
832 3491 1005 3556 munimine
1017 3489 1186 3556 roboratas.
1201 3493 1314 3558 Datum
1324 3509 1405 3559 enno
1418 3497 1541 3562 Domini
1556 3501 1602 3562 bio
1611 3501 1671 3563 CC⁰

260 3581 514 3676 quiuquagesimo
528 3590 639 3672 primo,
655 3588 705 3652 die
718 3585 872 3651 lnueente
882 3587 1130 3652 recumberem
1146 3589 1238 3653 Beete
1256 3589 1362 3654 Maris.

597 3691 765 3855 (briggai.
775 3687 975 3865 -AEcttces
985 3691 1029 3758 du
1042 3688 1159 3771 bitae,
1172 3692 1316 3761 Arusuire
1329 3701 1426 3780 Agar,
1440 3698 1562 3766 volume
1579 3707 1630 3778 itt,

655 3807 677 3871 p
724 3797 789 3854 eso
845 3836 852 3849 .

905 4063 955 4119 n
978 4054 1037 4123 bis.

261 4246 376 4308 scotres
389 4259 455 4326 pur
476 4240 635 4328 leeqmltes
652 4241 786 4318 Artoud,
806 4241 957 4326 seigneur
973 4242 1011 4308 de
1028 4210 1211 4310 smectica
1230 4255 1260 4312 ct
1279 4247 1318 4314 de
1338 4251 1471 4329 iiiuerc'e,
1493 4255 1639 4345 e’eupupe
1654 4261 1675 4326 d

299 4337 383 4422 scire
401 4335 564 4424 bcuuuuge
582 4339 603 4403 d
619 4337 736 4426 i'c'pteie
753 4337 790 4403 dc
802 4345 889 4422 chu
903 4339 939 4406 de
952 4337 986 4406 tu
999 4351 1077 4426 port
1092 4341 1141 4408 du'
1153 4351 1229 4430 port
1247 4345 1291 4414 du
1307 4353 1390 4417 Pout
1405 4351 1450 4416 du
1466 4351 1573 4421 Ritus
1595 4357 1675 4443 qu'ii

253 4435 257 4442 '
298 4433 590 4598 pxslsg‘ciicffuiluique
602 4442 676 4502 cette
692 4441 767 4520 part
783 4435 848 4500 seit
859 4443 959 4512 tecue,
976 4457 1015 4502 eu
1030 4457 1091 4506 sou
1104 4459 1189 4520 com,
1202 4462 1268 4526 pur
1283 4465 1343 4512 scu
1358 4448 1452 4532 srdrc,
1476 4449 1675 4522 quotidieque

410 4553 422 4598 u
465 4551 501 4617 ep
516 4549 571 4597 ue.
883 4549 888 4559 ·
1459 4581 1460 4584 π

833 4667 871 4732 25
883 4667 1006 4734 octobre
1021 4673 1109 4736 tibi.

251 4863 254 4872 ,
304 4797 460 4862 Universis
473 4802 628 4877 presentes
638 4797 754 4862 litteras
765 4799 948 4880 inspecturis
959 4802 1122 4882 Artaudus,
1136 4806 1279 4876 dominus
1290 4811 1327 4878 de
1338 4814 1492 4882 Rossilicn
1502 4827 1534 4884 et
1543 4822 1583 4886 de
1595 4825 1678 4889 Rivi-

263 4895 337 4969 reia,
352 4891 482 4958 mlutem
496 4895 528 4958 in
543 4894 677 4958 domino.
694 4896 889 4962 Universitati
903 4904 1003 4963 vestra
1014 4901 1142 4967 iacimus
1151 4909 1346 4974 manifestum
1356 4913 1439 4992 quod
1453 4911 1676 4984 licetdominus

263 4989 375 5070 Guigo,
396 4990 488 5054 irater
505 5005 602 5068 meus,
625 4990 860 5058 archidiaconus
880 4993 1102 5074 Lugdunensis,
1126 5005 1229 5066 tenent
1247 5009 1278 5068 et
1298 5007 1453 5086 possident
1469 5013 1593 5077 numius
1607 5030 1677 5081 men
