<?xml version="1.0" encoding="UTF-8"?>
<!DOCTYPE html PUBLIC "-//W3C//DTD XHTML 1.0 Transitional//EN"
    "http://www.w3.org/TR/xhtml1/DTD/xhtml1-transitional.dtd">
<html xmlns="http://www.w3.org/1999/xhtml" xml:lang="en" lang="en">
 <head>
  <title>
</title>
<meta http-equiv="Content-Type" content="text/html;charset=utf-8" />
  <meta name='ocr-system' content='tesseract 3.04.00' />
  <meta name='ocr-capabilities' content='ocr_page ocr_carea ocr_par ocr_line ocrx_word'/>
</head>
<body>
  <div class='ocr_page' id='page_1' title='image "./obituariumlugdu00guiggoog_0285.png"; bbox 0 0 4314 6058; ppageno 0'>
   <div class='ocr_carea' id='block_1_1' title="bbox 995 783 1375 843">
    <p class='ocr_par' dir='ltr' id='par_1_1' title="bbox 995 783 1375 843">
     <span class='ocr_line' id='line_1_1' title="bbox 995 783 1375 843; baseline -0.013 -3"><span class='ocrx_word' id='word_1_1' title='bbox 995 783 1100 843; x_wconf 75' lang='lat' dir='ltr'>uticus</span> <span class='ocrx_word' id='word_1_2' title='bbox 1122 791 1375 840; x_wconf 76' lang='lat' dir='ltr'>usmrrcnmtrs.</span> 
     </span>
    </p>
   </div>
   <div class='ocr_carea' id='block_1_2' title="bbox 472 1411 1889 1694">
    <p class='ocr_par' dir='ltr' id='par_1_2' title="bbox 472 1411 1889 1694">
     <span class='ocr_line' id='line_1_2' title="bbox 472 1411 1889 1502; baseline -0.001 -22"><span class='ocrx_word' id='word_1_3' title='bbox 472 1419 689 1483; x_wconf 83' lang='lat' dir='ltr'>Procorotion</span> <span class='ocrx_word' id='word_1_4' title='bbox 702 1419 821 1483; x_wconf 70' lang='lat' dir='ltr'>aanor</span> <span class='ocrx_word' id='word_1_5' title='bbox 828 1437 893 1502; x_wconf 82' lang='lat' dir='ltr'>por</span> <span class='ocrx_word' id='word_1_6' title='bbox 909 1417 1087 1484; x_wconf 76' lang='lat' dir='ltr'>Goelloome</span> <span class='ocrx_word' id='word_1_7' title='bbox 1098 1419 1134 1482; x_wconf 85' lang='lat' dir='ltr'>de</span> <span class='ocrx_word' id='word_1_8' title='bbox 1148 1416 1324 1500; x_wconf 73' lang='lat' dir='ltr'>llorlrefort,</span> <span class='ocrx_word' id='word_1_9' title='bbox 1344 1415 1443 1498; x_wconf 75' lang='lat' dir='ltr'>alopen</span> <span class='ocrx_word' id='word_1_10' title='bbox 1456 1414 1493 1479; x_wconf 82' lang='lat' dir='ltr'>dr</span> <span class='ocrx_word' id='word_1_11' title='bbox 1504 1411 1622 1498; x_wconf 74' lang='lat' dir='ltr'>l’iplise</span> <span class='ocrx_word' id='word_1_12' title='bbox 1635 1413 1889 1500; x_wconf 81' lang='lat' dir='ltr'>ote&#39;tropolitoinr</span> 
     </span>
     <span class='ocr_line' id='line_1_3' title="bbox 511 1509 1889 1599; baseline -0.002 -21"><span class='ocrx_word' id='word_1_13' title='bbox 511 1515 548 1578; x_wconf 86' lang='lat' dir='ltr'>de</span> <span class='ocrx_word' id='word_1_14' title='bbox 567 1521 664 1599; x_wconf 77' lang='lat' dir='ltr'>lyon,</span> <span class='ocrx_word' id='word_1_15' title='bbox 689 1514 804 1579; x_wconf 74' lang='lat' dir='ltr'>dicon</span> <span class='ocrx_word' id='word_1_16' title='bbox 822 1515 859 1580; x_wconf 80' lang='lat' dir='ltr'>tle</span> <span class='ocrx_word' id='word_1_17' title='bbox 879 1513 1037 1588; x_wconf 75' lang='lat' dir='ltr'>Charilam,</span> <span class='ocrx_word' id='word_1_18' title='bbox 1062 1513 1216 1580; x_wconf 74' lang='lat' dir='ltr'>choneniae</span> <span class='ocrx_word' id='word_1_19' title='bbox 1242 1514 1279 1577; x_wconf 82' lang='lat' dir='ltr'>de</span> <span class='ocrx_word' id='word_1_20' title='bbox 1299 1509 1507 1586; x_wconf 82' lang='lat' dir='ltr'>llootbrison,</span> <span class='ocrx_word' id='word_1_21' title='bbox 1531 1523 1560 1576; x_wconf 86' lang='lat' dir='ltr'>at</span> <span class='ocrx_word' id='word_1_22' title='bbox 1581 1512 1736 1587; x_wconf 74' lang='lat' dir='ltr'>dPitrrr,</span> <span class='ocrx_word' id='word_1_23' title='bbox 1762 1513 1837 1578; x_wconf 80' lang='lat' dir='ltr'>rure&#39;</span> <span class='ocrx_word' id='word_1_24' title='bbox 1852 1513 1889 1575; x_wconf 79' lang='lat' dir='ltr'>clo</span> 
     </span>
     <span class='ocr_line' id='line_1_4' title="bbox 512 1607 1604 1694; baseline -0.002 -22"><span class='ocrx_word' id='word_1_25' title='bbox 512 1609 641 1687; x_wconf 76' lang='lat' dir='ltr'>Clario,</span> <span class='ocrx_word' id='word_1_26' title='bbox 654 1630 739 1694; x_wconf 79' lang='lat' dir='ltr'>poor</span> <span class='ocrx_word' id='word_1_27' title='bbox 754 1611 914 1676; x_wconf 80' lang='lat' dir='ltr'>eramiaer</span> <span class='ocrx_word' id='word_1_28' title='bbox 931 1609 975 1676; x_wconf 84' lang='lat' dir='ltr'>les</span> <span class='ocrx_word' id='word_1_29' title='bbox 990 1611 1114 1674; x_wconf 71' lang='lat' dir='ltr'>diacre-s</span> <span class='ocrx_word' id='word_1_30' title='bbox 1130 1609 1149 1673; x_wconf 79' lang='lat' dir='ltr'>t</span> <span class='ocrx_word' id='word_1_31' title='bbox 1168 1609 1201 1674; x_wconf 87' lang='lat' dir='ltr'>lo</span> <span class='ocrx_word' id='word_1_32' title='bbox 1216 1608 1390 1694; x_wconf 83' lang='lat' dir='ltr'>procloine</span> <span class='ocrx_word' id='word_1_33' title='bbox 1405 1607 1604 1672; x_wconf 73' lang='lat' dir='ltr'><em>ordination.</em></span> 
     </span>
    </p>
   </div>
   <div class='ocr_carea' id='block_1_3' title="bbox 1085 1839 1266 1900">
    <p class='ocr_par' dir='ltr' id='par_1_3' title="bbox 1085 1839 1266 1900">
     <span class='ocr_line' id='line_1_5' title="bbox 1085 1839 1266 1900; baseline -0.006 0"><span class='ocrx_word' id='word_1_34' title='bbox 1085 1839 1157 1900; x_wconf 86' lang='lat' dir='ltr'>Juin</span> <span class='ocrx_word' id='word_1_35' title='bbox 1179 1841 1266 1900; x_wconf 83' lang='grc'><strong>1308.</strong></span> 
     </span>
    </p>
   </div>
   <div class='ocr_carea' id='block_1_4' title="bbox 468 2071 1883 2252">
    <p class='ocr_par' dir='ltr' id='par_1_4' title="bbox 468 2071 1883 2252">
     <span class='ocr_line' id='line_1_6' title="bbox 488 2071 1882 2170; baseline -0.01 -32"><span class='ocrx_word' id='word_1_36' title='bbox 488 2077 491 2083; x_wconf 92' lang='grc'><strong>’</strong></span> <span class='ocrx_word' id='word_1_37' title='bbox 508 2077 569 2138; x_wconf 89' lang='lat' dir='ltr'>Nos</span> <span class='ocrx_word' id='word_1_38' title='bbox 586 2079 693 2138; x_wconf 86' lang='lat' dir='ltr'>Petrus</span> <span class='ocrx_word' id='word_1_39' title='bbox 708 2078 746 2140; x_wconf 88' lang='lat' dir='ltr'>de</span> <span class='ocrx_word' id='word_1_40' title='bbox 761 2075 939 2151; x_wconf 86' lang='lat' dir='ltr'>Eschalone,</span> <span class='ocrx_word' id='word_1_41' title='bbox 957 2076 1121 2170; x_wconf 79' lang='lat' dir='ltr'>canonicus</span> <span class='ocrx_word' id='word_1_42' title='bbox 1145 2076 1246 2137; x_wconf 90' lang='lat' dir='ltr'>Sancti</span> <span class='ocrx_word' id='word_1_43' title='bbox 1263 2075 1352 2148; x_wconf 89' lang='lat' dir='ltr'>lusti,</span> <span class='ocrx_word' id='word_1_44' title='bbox 1374 2071 1512 2138; x_wconf 84' lang='lat' dir='ltr'>ciliciolis</span> <span class='ocrx_word' id='word_1_45' title='bbox 1537 2071 1759 2150; x_wconf 76' lang='lat' dir='ltr'>Lugdunensis,</span> <span class='ocrx_word' id='word_1_46' title='bbox 1776 2073 1882 2129; x_wconf 90' lang='lat' dir='ltr'>uotum</span> 
     </span>
     <span class='ocr_line' id='line_1_7' title="bbox 468 2166 1883 2252; baseline -0.006 -20"><span class='ocrx_word' id='word_1_47' title='bbox 468 2170 594 2234; x_wconf 87' lang='lat' dir='ltr'>tacimus</span> <span class='ocrx_word' id='word_1_48' title='bbox 609 2171 758 2234; x_wconf 83' lang='lat' dir='ltr'>universis</span> <span class='ocrx_word' id='word_1_49' title='bbox 772 2173 937 2252; x_wconf 90' lang='lat' dir='ltr'>quodcum</span> <span class='ocrx_word' id='word_1_50' title='bbox 951 2172 1126 2252; x_wconf 87' lang='lat' dir='ltr'>abantiquo</span> <span class='ocrx_word' id='word_1_51' title='bbox 1142 2173 1290 2251; x_wconf 80' lang='lat' dir='ltr'>pertineat</span> <span class='ocrx_word' id='word_1_52' title='bbox 1304 2172 1343 2234; x_wconf 85' lang='lat' dir='ltr'>od</span> <span class='ocrx_word' id='word_1_53' title='bbox 1355 2173 1503 2238; x_wconf 86' lang='lat' dir='ltr'>decanum</span> <span class='ocrx_word' id='word_1_54' title='bbox 1519 2173 1752 2252; x_wconf 79' lang='lat' dir='ltr'>Lugdunensem</span> <span class='ocrx_word' id='word_1_55' title='bbox 1763 2166 1815 2244; x_wconf 91' lang='lat' dir='ltr'>qui</span> <span class='ocrx_word' id='word_1_56' title='bbox 1827 2180 1883 2242; x_wconf 90' lang='lat' dir='ltr'>pro</span> 
     </span>
    </p>
   </div>
   <div class='ocr_carea' id='block_1_5' title="bbox 460 2262 1884 3884">
    <p class='ocr_par' dir='ltr' id='par_1_5' title="bbox 460 2262 1884 3884">
     <span class='ocr_line' id='line_1_8' title="bbox 466 2262 1884 2350; baseline -0.007 -21"><span class='ocrx_word' id='word_1_57' title='bbox 466 2273 606 2346; x_wconf 85' lang='lat' dir='ltr'>tempore</span> <span class='ocrx_word' id='word_1_58' title='bbox 618 2275 672 2342; x_wconf 82' lang='lat' dir='ltr'>est,</span> <span class='ocrx_word' id='word_1_59' title='bbox 687 2268 861 2333; x_wconf 83' lang='lat' dir='ltr'>examinare</span> <span class='ocrx_word' id='word_1_60' title='bbox 876 2269 1026 2348; x_wconf 82' lang='lat' dir='ltr'>dyaconus</span> <span class='ocrx_word' id='word_1_61' title='bbox 1039 2269 1092 2347; x_wconf 83' lang='lat' dir='ltr'>qtti</span> <span class='ocrx_word' id='word_1_62' title='bbox 1107 2269 1145 2330; x_wconf 89' lang='lat' dir='ltr'>ad</span> <span class='ocrx_word' id='word_1_63' title='bbox 1158 2284 1259 2331; x_wconf 89' lang='lat' dir='ltr'>sacros</span> <span class='ocrx_word' id='word_1_64' title='bbox 1275 2269 1397 2332; x_wconf 82' lang='lat' dir='ltr'>ordines</span> <span class='ocrx_word' id='word_1_65' title='bbox 1415 2272 1575 2334; x_wconf 85' lang='lat' dir='ltr'>sacerdotii</span> <span class='ocrx_word' id='word_1_66' title='bbox 1590 2264 1761 2350; x_wconf 87' lang='lat' dir='ltr'>promoveri</span> <span class='ocrx_word' id='word_1_67' title='bbox 1776 2262 1884 2322; x_wconf 85' lang='lat' dir='ltr'>volunt</span> 
     </span>
     <span class='ocr_line' id='line_1_9' title="bbox 466 2353 1883 2444; baseline -0.006 -21"><span class='ocrx_word' id='word_1_68' title='bbox 466 2367 497 2424; x_wconf 89' lang='lat' dir='ltr'>et</span> <span class='ocrx_word' id='word_1_69' title='bbox 514 2362 649 2426; x_wconf 83' lang='lat' dir='ltr'>ordinari</span> <span class='ocrx_word' id='word_1_70' title='bbox 667 2379 722 2442; x_wconf 90' lang='lat' dir='ltr'>per</span> <span class='ocrx_word' id='word_1_71' title='bbox 742 2364 902 2426; x_wconf 92' lang='lat' dir='ltr'>dominum</span> <span class='ocrx_word' id='word_1_72' title='bbox 922 2364 1188 2444; x_wconf 86' lang='lat' dir='ltr'>archiepiscopum</span> <span class='ocrx_word' id='word_1_73' title='bbox 1209 2364 1443 2442; x_wconf 81' lang='lat' dir='ltr'>Lugdunensem</span> <span class='ocrx_word' id='word_1_74' title='bbox 1458 2353 1504 2430; x_wconf 76' lang='lat' dir='ltr'>ve&#39;l</span> <span class='ocrx_word' id='word_1_75' title='bbox 1524 2367 1621 2430; x_wconf 89' lang='lat' dir='ltr'>alium</span> <span class='ocrx_word' id='word_1_76' title='bbox 1642 2364 1821 2442; x_wconf 89' lang='lat' dir='ltr'>episcopum</span> <span class='ocrx_word' id='word_1_77' title='bbox 1835 2355 1883 2416; x_wconf 87' lang='lat' dir='ltr'>vel</span> 
     </span>
     <span class='ocr_line' id='line_1_10' title="bbox 466 2452 1883 2542; baseline -0.006 -22"><span class='ocrx_word' id='word_1_78' title='bbox 466 2459 733 2539; x_wconf 82' lang='lat' dir='ltr'>archiepiscopum</span> <span class='ocrx_word' id='word_1_79' title='bbox 750 2461 815 2539; x_wconf 84' lang='lat' dir='ltr'>ejus</span> <span class='ocrx_word' id='word_1_80' title='bbox 833 2461 956 2523; x_wconf 91' lang='lat' dir='ltr'>nomine</span> <span class='ocrx_word' id='word_1_81' title='bbox 971 2461 1001 2522; x_wconf 92' lang='lat' dir='ltr'>in</span> <span class='ocrx_word' id='word_1_82' title='bbox 1017 2460 1137 2538; x_wconf 76' lang='lat' dir='ltr'><strong>dyocesi</strong></span> <span class='ocrx_word' id='word_1_83' title='bbox 1154 2459 1360 2538; x_wconf 82' lang='lat' dir='ltr'>Lugdunensi,</span> <span class='ocrx_word' id='word_1_84' title='bbox 1378 2469 1501 2542; x_wconf 88' lang='lat' dir='ltr'>propter</span> <span class='ocrx_word' id='word_1_85' title='bbox 1521 2464 1579 2526; x_wconf 87' lang='lat' dir='ltr'>hoc</span> <span class='ocrx_word' id='word_1_86' title='bbox 1597 2462 1642 2523; x_wconf 84' lang='lat' dir='ltr'>vir</span> <span class='ocrx_word' id='word_1_87' title='bbox 1661 2452 1843 2520; x_wconf 81' lang='lat' dir='ltr'>venerabilis</span> <span class='ocrx_word' id='word_1_88' title='bbox 1854 2458 1883 2513; x_wconf 87' lang='lat' dir='ltr'>et</span> 
     </span>
     <span class='ocr_line' id='line_1_11' title="bbox 464 2554 1883 2640; baseline -0.004 -26"><span class='ocrx_word' id='word_1_89' title='bbox 464 2555 613 2618; x_wconf 85' lang='lat' dir='ltr'>discretus</span> <span class='ocrx_word' id='word_1_90' title='bbox 624 2556 768 2618; x_wconf 89' lang='lat' dir='ltr'>dominus</span> <span class='ocrx_word' id='word_1_91' title='bbox 783 2554 967 2620; x_wconf 84' lang='lat' dir='ltr'>Guillelmus</span> <span class='ocrx_word' id='word_1_92' title='bbox 981 2557 1018 2619; x_wconf 90' lang='lat' dir='ltr'>de</span> <span class='ocrx_word' id='word_1_93' title='bbox 1033 2557 1144 2636; x_wconf 88' lang='lat' dir='ltr'>Ruppe</span> <span class='ocrx_word' id='word_1_94' title='bbox 1162 2558 1254 2630; x_wconf 84' lang='lat' dir='ltr'>Furti,</span> <span class='ocrx_word' id='word_1_95' title='bbox 1273 2557 1408 2620; x_wconf 89' lang='lat' dir='ltr'>decanus</span> <span class='ocrx_word' id='word_1_96' title='bbox 1425 2559 1646 2640; x_wconf 82' lang='lat' dir='ltr'>Lugdunensis,</span> <span class='ocrx_word' id='word_1_97' title='bbox 1670 2569 1773 2618; x_wconf 88' lang='lat' dir='ltr'>coram</span> <span class='ocrx_word' id='word_1_98' title='bbox 1792 2565 1883 2612; x_wconf 90' lang='lat' dir='ltr'>mau-</span> 
     </span>
     <span class='ocr_line' id='line_1_12' title="bbox 464 2649 1882 2734; baseline -0.005 -20"><span class='ocrx_word' id='word_1_99' title='bbox 464 2653 534 2714; x_wconf 84' lang='lat' dir='ltr'>dato</span> <span class='ocrx_word' id='word_1_100' title='bbox 551 2659 666 2729; x_wconf 83' lang='lat' dir='ltr'>nostro,</span> <span class='ocrx_word' id='word_1_101' title='bbox 687 2654 827 2718; x_wconf 87' lang='lat' dir='ltr'>videlicet</span> <span class='ocrx_word' id='word_1_102' title='bbox 847 2655 968 2718; x_wconf 84' lang='lat' dir='ltr'>Andrea</span> <span class='ocrx_word' id='word_1_103' title='bbox 989 2655 1026 2716; x_wconf 83' lang='lat' dir='ltr'>tle</span> <span class='ocrx_word' id='word_1_104' title='bbox 1047 2653 1227 2734; x_wconf 79' lang='lat' dir='ltr'>Argentyes,</span> <span class='ocrx_word' id='word_1_105' title='bbox 1244 2652 1353 2717; x_wconf 90' lang='lat' dir='ltr'>clerico</span> <span class='ocrx_word' id='word_1_106' title='bbox 1372 2657 1455 2720; x_wconf 89' lang='lat' dir='ltr'>curie</span> <span class='ocrx_word' id='word_1_107' title='bbox 1474 2665 1577 2720; x_wconf 92' lang='lat' dir='ltr'>nostre</span> <span class='ocrx_word' id='word_1_108' title='bbox 1600 2657 1712 2734; x_wconf 80' lang='lat' dir='ltr'>iurato,</span> <span class='ocrx_word' id='word_1_109' title='bbox 1733 2649 1770 2712; x_wconf 91' lang='lat' dir='ltr'>ad</span> <span class='ocrx_word' id='word_1_110' title='bbox 1791 2649 1882 2710; x_wconf 87' lang='lat' dir='ltr'>hoca</span> 
     </span>
     <span class='ocr_line' id='line_1_13' title="bbox 463 2745 1877 2832; baseline -0.006 -21"><span class='ocrx_word' id='word_1_111' title='bbox 463 2750 551 2812; x_wconf 85' lang='lat' dir='ltr'>nobis</span> <span class='ocrx_word' id='word_1_112' title='bbox 572 2750 720 2812; x_wconf 89' lang='lat' dir='ltr'>destinato</span> <span class='ocrx_word' id='word_1_113' title='bbox 738 2751 921 2812; x_wconf 87' lang='lat' dir='ltr'>constitutus</span> <span class='ocrx_word' id='word_1_114' title='bbox 935 2767 1006 2812; x_wconf 92' lang='lat' dir='ltr'>suos</span> <span class='ocrx_word' id='word_1_115' title='bbox 1023 2751 1093 2812; x_wconf 87' lang='lat' dir='ltr'>lacit</span> <span class='ocrx_word' id='word_1_116' title='bbox 1111 2756 1323 2829; x_wconf 71' lang='lat' dir='ltr'>procuratores</span> <span class='ocrx_word' id='word_1_117' title='bbox 1344 2768 1410 2830; x_wconf 90' lang='lat' dir='ltr'>per·</span> <span class='ocrx_word' id='word_1_118' title='bbox 1422 2751 1553 2832; x_wconf 88' lang='lat' dir='ltr'>speciale</span> <span class='ocrx_word' id='word_1_119' title='bbox 1577 2749 1755 2814; x_wconf 82' lang='lat' dir='ltr'>mandatum</span> <span class='ocrx_word' id='word_1_120' title='bbox 1778 2745 1877 2806; x_wconf 85' lang='lat' dir='ltr'>virum</span> 
     </span>
     <span class='ocr_line' id='line_1_14' title="bbox 461 2840 1880 2922; baseline -0.005 -17"><span class='ocrx_word' id='word_1_121' title='bbox 461 2845 669 2909; x_wconf 84' lang='lat' dir='ltr'>venerabilem</span> <span class='ocrx_word' id='word_1_122' title='bbox 683 2853 712 2908; x_wconf 89' lang='lat' dir='ltr'>et</span> <span class='ocrx_word' id='word_1_123' title='bbox 728 2845 892 2908; x_wconf 86' lang='lat' dir='ltr'>discretum</span> <span class='ocrx_word' id='word_1_124' title='bbox 909 2845 1067 2908; x_wconf 86' lang='lat' dir='ltr'>domiuum</span> <span class='ocrx_word' id='word_1_125' title='bbox 1081 2847 1254 2909; x_wconf 79' lang='lat' dir='ltr'>iohannem</span> <span class='ocrx_word' id='word_1_126' title='bbox 1272 2847 1309 2910; x_wconf 86' lang='lat' dir='ltr'>tle</span> <span class='ocrx_word' id='word_1_127' title='bbox 1329 2849 1481 2922; x_wconf 88' lang='lat' dir='ltr'>Kariloco,</span> <span class='ocrx_word' id='word_1_128' title='bbox 1498 2851 1679 2913; x_wconf 89' lang='lat' dir='ltr'>canonicum</span> <span class='ocrx_word' id='word_1_129' title='bbox 1701 2840 1880 2908; x_wconf 66' lang='grc' dir='ltr'><strong>1101111311τί-</strong></span> 
     </span>
     <span class='ocr_line' id='line_1_15' title="bbox 460 2937 1878 3024; baseline -0.006 -18"><span class='ocrx_word' id='word_1_130' title='bbox 460 2945 553 3018; x_wconf 90' lang='lat' dir='ltr'>sonis,</span> <span class='ocrx_word' id='word_1_131' title='bbox 572 2951 602 3005; x_wconf 90' lang='lat' dir='ltr'>et</span> <span class='ocrx_word' id='word_1_132' title='bbox 619 2948 754 3016; x_wconf 90' lang='lat' dir='ltr'>Petrum,</span> <span class='ocrx_word' id='word_1_133' title='bbox 773 2949 922 3006; x_wconf 87' lang='lat' dir='ltr'>rectorem</span> <span class='ocrx_word' id='word_1_134' title='bbox 934 2940 1060 3006; x_wconf 81' lang='lat' dir='ltr'>ecclesie</span> <span class='ocrx_word' id='word_1_135' title='bbox 1076 2943 1261 3020; x_wconf 78' lang='lat' dir='ltr'>decharies,</span> <span class='ocrx_word' id='word_1_136' title='bbox 1280 2951 1310 3008; x_wconf 89' lang='lat' dir='ltr'>et</span> <span class='ocrx_word' id='word_1_137' title='bbox 1330 2947 1496 3024; x_wconf 86' lang='lat' dir='ltr'>quemlibet</span> <span class='ocrx_word' id='word_1_138' title='bbox 1510 2962 1618 3012; x_wconf 86' lang='lat' dir='ltr'>eorum</span> <span class='ocrx_word' id='word_1_139' title='bbox 1630 2945 1661 3008; x_wconf 93' lang='lat' dir='ltr'>iu</span> <span class='ocrx_word' id='word_1_140' title='bbox 1683 2940 1825 3012; x_wconf 87' lang='lat' dir='ltr'>solidum,</span> <span class='ocrx_word' id='word_1_141' title='bbox 1840 2937 1878 2998; x_wconf 91' lang='lat' dir='ltr'>ad</span> 
     </span>
     <span class='ocr_line' id='line_1_16' title="bbox 460 3035 1879 3122; baseline -0.006 -19"><span class='ocrx_word' id='word_1_142' title='bbox 460 3040 699 3104; x_wconf 81' lang='lat' dir='ltr'>examinandum</span> <span class='ocrx_word' id='word_1_143' title='bbox 717 3055 773 3118; x_wconf 90' lang='lat' dir='ltr'>per</span> <span class='ocrx_word' id='word_1_144' title='bbox 791 3056 823 3102; x_wconf 88' lang='lat' dir='ltr'>se</span> <span class='ocrx_word' id='word_1_145' title='bbox 839 3037 883 3102; x_wconf 87' lang='lat' dir='ltr'>vel</span> <span class='ocrx_word' id='word_1_146' title='bbox 904 3055 958 3119; x_wconf 89' lang='lat' dir='ltr'>per</span> <span class='ocrx_word' id='word_1_147' title='bbox 974 3038 1071 3102; x_wconf 76' lang='lat' dir='ltr'>adum</span> <span class='ocrx_word' id='word_1_148' title='bbox 1082 3056 1189 3104; x_wconf 88' lang='lat' dir='ltr'>omnes</span> <span class='ocrx_word' id='word_1_149' title='bbox 1203 3041 1273 3103; x_wconf 93' lang='lat' dir='ltr'>illos</span> <span class='ocrx_word' id='word_1_150' title='bbox 1288 3041 1451 3120; x_wconf 68' lang='lat' dir='ltr'>dyaconus,</span> <span class='ocrx_word' id='word_1_151' title='bbox 1463 3045 1517 3122; x_wconf 84' lang='lat' dir='ltr'>qui</span> <span class='ocrx_word' id='word_1_152' title='bbox 1535 3043 1574 3106; x_wconf 90' lang='lat' dir='ltr'>ad</span> <span class='ocrx_word' id='word_1_153' title='bbox 1586 3041 1742 3122; x_wconf 84' lang='lat' dir='ltr'>proximos</span> <span class='ocrx_word' id='word_1_154' title='bbox 1756 3035 1879 3100; x_wconf 86' lang='lat' dir='ltr'>ordines</span> 
     </span>
     <span class='ocr_line' id='line_1_17' title="bbox 461 3129 1876 3218; baseline -0.006 -19"><span class='ocrx_word' id='word_1_155' title='bbox 461 3129 660 3202; x_wconf 85' lang='lat' dir='ltr'>celebrandos</span> <span class='ocrx_word' id='word_1_156' title='bbox 681 3151 736 3214; x_wconf 88' lang='lat' dir='ltr'>per</span> <span class='ocrx_word' id='word_1_157' title='bbox 754 3135 946 3214; x_wconf 88' lang='lat' dir='ltr'>episcopum,</span> <span class='ocrx_word' id='word_1_158' title='bbox 970 3135 1117 3198; x_wconf 89' lang='lat' dir='ltr'>ricarium</span> <span class='ocrx_word' id='word_1_159' title='bbox 1144 3135 1260 3198; x_wconf 90' lang='lat' dir='ltr'>domini</span> <span class='ocrx_word' id='word_1_160' title='bbox 1287 3138 1383 3199; x_wconf 84' lang='lat' dir='ltr'>nostri</span> <span class='ocrx_word' id='word_1_161' title='bbox 1405 3137 1626 3218; x_wconf 88' lang='lat' dir='ltr'>archicpiscopi</span> <span class='ocrx_word' id='word_1_162' title='bbox 1652 3131 1876 3212; x_wconf 83' lang='lat' dir='ltr'>Lugdunensis,</span> 
     </span>
     <span class='ocr_line' id='line_1_18' title="bbox 460 3227 1880 3312; baseline -0.005 -17"><span class='ocrx_word' id='word_1_163' title='bbox 460 3233 544 3312; x_wconf 86' lang='lat' dir='ltr'>apud</span> <span class='ocrx_word' id='word_1_164' title='bbox 558 3230 860 3304; x_wconf 80' lang='lat' dir='ltr'>lloutembrisouem</span> <span class='ocrx_word' id='word_1_165' title='bbox 874 3230 912 3292; x_wconf 89' lang='lat' dir='ltr'>ad</span> <span class='ocrx_word' id='word_1_166' title='bbox 927 3230 1132 3294; x_wconf 86' lang='lat' dir='ltr'>sacerdotium</span> <span class='ocrx_word' id='word_1_167' title='bbox 1142 3231 1295 3294; x_wconf 88' lang='lat' dir='ltr'>voluerint</span> <span class='ocrx_word' id='word_1_168' title='bbox 1309 3234 1491 3310; x_wconf 88' lang='lat' dir='ltr'>promoveri,</span> <span class='ocrx_word' id='word_1_169' title='bbox 1508 3240 1609 3296; x_wconf 86' lang='lat' dir='ltr'>ratum</span> <span class='ocrx_word' id='word_1_170' title='bbox 1618 3239 1648 3296; x_wconf 88' lang='lat' dir='ltr'>el</span> <span class='ocrx_word' id='word_1_171' title='bbox 1659 3232 1783 3294; x_wconf 80' lang='lat' dir='ltr'>firmum</span> <span class='ocrx_word' id='word_1_172' title='bbox 1795 3227 1880 3291; x_wconf 87' lang='lat' dir='ltr'>habi-</span> 
     </span>
     <span class='ocr_line' id='line_1_19' title="bbox 460 3321 1877 3408; baseline -0.006 -14"><span class='ocrx_word' id='word_1_173' title='bbox 460 3339 549 3394; x_wconf 85' lang='lat' dir='ltr'>turus</span> <span class='ocrx_word' id='word_1_174' title='bbox 569 3327 716 3408; x_wconf 86' lang='lat' dir='ltr'>quicquid</span> <span class='ocrx_word' id='word_1_175' title='bbox 735 3343 790 3408; x_wconf 87' lang='lat' dir='ltr'>per</span> <span class='ocrx_word' id='word_1_176' title='bbox 806 3327 888 3406; x_wconf 91' lang='lat' dir='ltr'>ipsos</span> <span class='ocrx_word' id='word_1_177' title='bbox 914 3331 1127 3406; x_wconf 83' lang='lat' dir='ltr'>procuratores</span> <span class='ocrx_word' id='word_1_178' title='bbox 1144 3341 1198 3394; x_wconf 86' lang='lat' dir='ltr'>seu</span> <span class='ocrx_word' id='word_1_179' title='bbox 1221 3342 1327 3390; x_wconf 88' lang='lat' dir='ltr'>eorum</span> <span class='ocrx_word' id='word_1_180' title='bbox 1344 3325 1476 3391; x_wconf 86' lang='lat' dir='ltr'>alterum</span> <span class='ocrx_word' id='word_1_181' title='bbox 1496 3329 1543 3391; x_wconf 90' lang='lat' dir='ltr'>vel</span> <span class='ocrx_word' id='word_1_182' title='bbox 1566 3327 1661 3390; x_wconf 90' lang='lat' dir='ltr'>alium</span> <span class='ocrx_word' id='word_1_183' title='bbox 1687 3339 1805 3398; x_wconf 85' lang='lat' dir='ltr'>eorum,</span> <span class='ocrx_word' id='word_1_184' title='bbox 1829 3321 1877 3386; x_wconf 90' lang='lat' dir='ltr'>vel</span> 
     </span>
     <span class='ocr_line' id='line_1_20' title="bbox 461 3420 1879 3501; baseline -0.004 -13"><span class='ocrx_word' id='word_1_185' title='bbox 461 3426 586 3490; x_wconf 87' lang='lat' dir='ltr'>ulterius</span> <span class='ocrx_word' id='word_1_186' title='bbox 599 3424 722 3486; x_wconf 91' lang='lat' dir='ltr'>nomine</span> <span class='ocrx_word' id='word_1_187' title='bbox 738 3423 819 3486; x_wconf 87' lang='lat' dir='ltr'>circa</span> <span class='ocrx_word' id='word_1_188' title='bbox 834 3421 1090 3484; x_wconf 84' lang='lat' dir='ltr'>examinationem</span> <span class='ocrx_word' id='word_1_189' title='bbox 1110 3420 1277 3501; x_wconf 84' lang='lat' dir='ltr'>predictam</span> <span class='ocrx_word' id='word_1_190' title='bbox 1296 3422 1353 3484; x_wconf 87' lang='lat' dir='ltr'>ista</span> <span class='ocrx_word' id='word_1_191' title='bbox 1367 3423 1431 3486; x_wconf 87' lang='lat' dir='ltr'>vice</span> <span class='ocrx_word' id='word_1_192' title='bbox 1452 3431 1571 3487; x_wconf 86' lang='lat' dir='ltr'>tantum</span> <span class='ocrx_word' id='word_1_193' title='bbox 1591 3425 1703 3485; x_wconf 87' lang='lat' dir='ltr'>lactum</span> <span class='ocrx_word' id='word_1_194' title='bbox 1718 3421 1810 3484; x_wconf 87' lang='lat' dir='ltr'>luerit</span> <span class='ocrx_word' id='word_1_195' title='bbox 1823 3436 1879 3482; x_wconf 91' lang='lat' dir='ltr'>seu</span> 
     </span>
     <span class='ocr_line' id='line_1_21' title="bbox 460 3516 1880 3600; baseline -0.006 -15"><span class='ocrx_word' id='word_1_196' title='bbox 460 3523 553 3585; x_wconf 90' lang='lat' dir='ltr'>etiam</span> <span class='ocrx_word' id='word_1_197' title='bbox 575 3519 822 3600; x_wconf 81' lang='lat' dir='ltr'>expeditumln</span> <span class='ocrx_word' id='word_1_198' title='bbox 844 3516 932 3594; x_wconf 77' lang='lat' dir='ltr'>oujm</span> <span class='ocrx_word' id='word_1_199' title='bbox 956 3518 999 3580; x_wconf 90' lang='lat' dir='ltr'>rei</span> <span class='ocrx_word' id='word_1_200' title='bbox 1024 3517 1242 3592; x_wconf 84' lang='lat' dir='ltr'>testimonium,</span> <span class='ocrx_word' id='word_1_201' title='bbox 1268 3533 1338 3580; x_wconf 91' lang='lat' dir='ltr'>cum</span> <span class='ocrx_word' id='word_1_202' title='bbox 1353 3518 1441 3581; x_wconf 88' lang='lat' dir='ltr'>uobis</span> <span class='ocrx_word' id='word_1_203' title='bbox 1461 3525 1576 3581; x_wconf 85' lang='lat' dir='ltr'>constet</span> <span class='ocrx_word' id='word_1_204' title='bbox 1599 3517 1637 3581; x_wconf 88' lang='lat' dir='ltr'>de</span> <span class='ocrx_word' id='word_1_205' title='bbox 1652 3517 1806 3598; x_wconf 88' lang='lat' dir='ltr'>premissis</span> <span class='ocrx_word' id='word_1_206' title='bbox 1823 3533 1880 3595; x_wconf 88' lang='lat' dir='ltr'>per</span> 
     </span>
     <span class='ocr_line' id='line_1_22' title="bbox 461 3611 1881 3692; baseline -0.008 -9"><span class='ocrx_word' id='word_1_207' title='bbox 461 3617 641 3684; x_wconf 82' lang='lat' dir='ltr'>relationem</span> <span class='ocrx_word' id='word_1_208' title='bbox 655 3615 727 3678; x_wconf 89' lang='lat' dir='ltr'>dicti</span> <span class='ocrx_word' id='word_1_209' title='bbox 741 3613 876 3676; x_wconf 86' lang='lat' dir='ltr'>mandati</span> <span class='ocrx_word' id='word_1_210' title='bbox 890 3613 997 3686; x_wconf 87' lang='lat' dir='ltr'>nostri,</span> <span class='ocrx_word' id='word_1_211' title='bbox 1009 3613 1058 3674; x_wconf 92' lang='lat' dir='ltr'>cui</span> <span class='ocrx_word' id='word_1_212' title='bbox 1069 3611 1162 3675; x_wconf 85' lang='lat' dir='ltr'>sudem</span> <span class='ocrx_word' id='word_1_213' title='bbox 1173 3611 1341 3691; x_wconf 85' lang='lat' dir='ltr'>plenariam</span> <span class='ocrx_word' id='word_1_214' title='bbox 1353 3613 1392 3676; x_wconf 90' lang='lat' dir='ltr'>ad</span> <span class='ocrx_word' id='word_1_215' title='bbox 1405 3613 1556 3686; x_wconf 78' lang='lat' dir='ltr'>libemus,</span> <span class='ocrx_word' id='word_1_216' title='bbox 1572 3613 1761 3692; x_wconf 83' lang='lat' dir='ltr'>presentibus</span> <span class='ocrx_word' id='word_1_217' title='bbox 1771 3611 1881 3674; x_wconf 88' lang='lat' dir='ltr'>litteris</span> 
     </span>
     <span class='ocr_line' id='line_1_23' title="bbox 462 3709 1881 3794; baseline -0.006 -16"><span class='ocrx_word' id='word_1_218' title='bbox 462 3712 600 3794; x_wconf 83' lang='lat' dir='ltr'>sigillum</span> <span class='ocrx_word' id='word_1_219' title='bbox 615 3717 754 3774; x_wconf 87' lang='lat' dir='ltr'>nostrum</span> <span class='ocrx_word' id='word_1_220' title='bbox 773 3711 915 3772; x_wconf 85' lang='lat' dir='ltr'>duximus</span> <span class='ocrx_word' id='word_1_221' title='bbox 934 3709 1161 3788; x_wconf 82' lang='lat' dir='ltr'>apponendum.</span> <span class='ocrx_word' id='word_1_222' title='bbox 1181 3711 1291 3773; x_wconf 85' lang='lat' dir='ltr'>Datum</span> <span class='ocrx_word' id='word_1_223' title='bbox 1309 3709 1358 3771; x_wconf 87' lang='lat' dir='ltr'>dio</span> <span class='ocrx_word' id='word_1_224' title='bbox 1376 3710 1519 3772; x_wconf 87' lang='lat' dir='ltr'>mercurii</span> <span class='ocrx_word' id='word_1_225' title='bbox 1535 3716 1603 3788; x_wconf 89' lang='lat' dir='ltr'>post</span> <span class='ocrx_word' id='word_1_226' title='bbox 1620 3711 1730 3771; x_wconf 88' lang='lat' dir='ltr'>testum</span> <span class='ocrx_word' id='word_1_227' title='bbox 1745 3709 1881 3771; x_wconf 84' lang='lat' dir='ltr'>Penthe-</span> 
     </span>
     <span class='ocr_line' id='line_1_24' title="bbox 463 3805 1350 3884; baseline -0.01 -9"><span class='ocrx_word' id='word_1_228' title='bbox 463 3811 562 3884; x_wconf 90' lang='lat' dir='ltr'>costis,</span> <span class='ocrx_word' id='word_1_229' title='bbox 579 3825 661 3872; x_wconf 88' lang='lat' dir='ltr'>anno</span> <span class='ocrx_word' id='word_1_230' title='bbox 674 3807 798 3870; x_wconf 88' lang='lat' dir='ltr'>Domini</span> <span class='ocrx_word' id='word_1_231' title='bbox 813 3809 857 3870; x_wconf 84' lang='lat' dir='ltr'>ll⁰</span> <span class='ocrx_word' id='word_1_232' title='bbox 873 3808 956 3870; x_wconf 83' lang='lat' dir='ltr'>CCC⁰</span> <span class='ocrx_word' id='word_1_233' title='bbox 968 3811 1083 3870; x_wconf 87' lang='lat' dir='ltr'>octava.</span> <span class='ocrx_word' id='word_1_234' title='bbox 1096 3839 1136 3851; x_wconf 89' lang='lat'>-</span> <span class='ocrx_word' id='word_1_235' title='bbox 1147 3807 1193 3868; x_wconf 85' lang='lat' dir='ltr'>lta</span> <span class='ocrx_word' id='word_1_236' title='bbox 1204 3811 1259 3867; x_wconf 88' lang='lat' dir='ltr'>est.</span> <span class='ocrx_word' id='word_1_237' title='bbox 1278 3805 1350 3883; x_wconf 76' lang='lat' dir='ltr'>nug.</span> 
     </span>
    </p>
   </div>
   <div class='ocr_carea' id='block_1_6' title="bbox 651 3905 1793 4083">
    <p class='ocr_par' dir='ltr' id='par_1_6' title="bbox 651 3905 1793 4083">
     <span class='ocr_line' id='line_1_25' title="bbox 651 3905 1793 3994; baseline -0.005 -18"><span class='ocrx_word' id='word_1_238' title='bbox 651 3907 822 3994; x_wconf 78' lang='lat' dir='ltr'>(Oripiaol.</span> <span class='ocrx_word' id='word_1_239' title='bbox 836 3943 877 3958; x_wconf 91' lang='lat'><em>-</em></span> <span class='ocrx_word' id='word_1_240' title='bbox 892 3905 1104 3993; x_wconf 74' lang='lat' dir='ltr'>Bibliotltipoc</span> <span class='ocrx_word' id='word_1_241' title='bbox 1122 3909 1159 3974; x_wconf 83' lang='lat' dir='ltr'>de</span> <span class='ocrx_word' id='word_1_242' title='bbox 1178 3907 1210 3974; x_wconf 90' lang='lat' dir='ltr'>lo</span> <span class='ocrx_word' id='word_1_243' title='bbox 1230 3907 1300 3972; x_wconf 81' lang='lat' dir='ltr'>ville</span> <span class='ocrx_word' id='word_1_244' title='bbox 1321 3907 1357 3972; x_wconf 81' lang='lat' dir='ltr'>de</span> <span class='ocrx_word' id='word_1_245' title='bbox 1378 3913 1480 3994; x_wconf 77' lang='lat' dir='ltr'>lyon,</span> <span class='ocrx_word' id='word_1_246' title='bbox 1502 3907 1665 3973; x_wconf 86' lang='lat' dir='ltr'>collection</span> <span class='ocrx_word' id='word_1_247' title='bbox 1689 3911 1793 3980; x_wconf 79' lang='lat' dir='ltr'>Costa,</span> 
     </span>
     <span class='ocr_line' id='line_1_26' title="bbox 721 3999 1228 4083; baseline -0.012 -12"><span class='ocrx_word' id='word_1_248' title='bbox 721 4013 835 4074; x_wconf 85' lang='lat' dir='ltr'>corten</span> <span class='ocrx_word' id='word_1_249' title='bbox 855 4013 887 4082; x_wconf 85' lang='grc' dir='ltr'>Β,</span> <span class='ocrx_word' id='word_1_250' title='bbox 911 4017 948 4069; x_wconf 84' lang='lat' dir='ltr'>n⁰</span> <span class='ocrx_word' id='word_1_251' title='bbox 972 4006 1076 4083; x_wconf 73' lang='lat' dir='ltr'>tata.)</span> <span class='ocrx_word' id='word_1_252' title='bbox 1221 3999 1228 4016; x_wconf 85' lang='lat'>&#39;</span> 
     </span>
    </p>
   </div>
   <div class='ocr_carea' id='block_1_7' title="bbox 0 0 2162 6057">
    <p class='ocr_par' dir='ltr' id='par_1_7' title="bbox 0 0 2162 6057">
     <span class='ocr_line' id='line_1_27' title="bbox 0 0 2162 6057; baseline 0 0"><span class='ocrx_word' id='word_1_253' title='bbox 0 0 2162 6057; x_wconf 95' lang='lat' dir='ltr'> </span> 
     </span>
    </p>
   </div>
  </div>
 </body>
</html>
