4300 6054
600 875 767 925 onrruatna
788 875 827 924 nrt
847 855 982 924 n’lcnsn
1003 873 1042 922 ou
1063 871 1153 922 oron.
1167 883 1202 904 -
1214 872 1389 920 rovvuunrn.
1635 859 1691 918 tes

283 990 598 1073 mmmdcccclii,
624 991 786 1056 ecclesium
808 989 846 1056 de
865 991 930 1056 sesi
952 989 1005 1073 (lt,
1028 989 1190 1077 ecclesiam
1206 989 1244 1054 de
1263 989 1397 1054 bariaco
1414 988 1465 1069 (3).
1482 987 1643 1054 occludam
1662 990 1702 1054 de

283 1089 412 1154 itiniaeo
426 1089 486 1171 (l),
502 1089 535 1154 ln
548 1087 675 1154 decimis
685 1087 725 1152 tie
737 1085 860 1156 Poiiaeo
876 1088 917 1170 (5)
931 1093 1054 1154 centum
1075 1087 1200 1164 saddoc,
1213 1103 1290 1168 quos
1301 1085 1557 1174 habuitVioarius
1576 1085 1614 1152 de
1628 1088 1702 1152 lite-

286 1191 363 1260 taus,
378 1191 410 1250 el
420 1183 555 1250 decimas
566 1184 605 1250 de
616 1185 776 1266 blaginens
786 1185 826 1270 (6(
841 1185 1016 1268 adquisivit.
1030 1187 1067 1249 lit
1079 1201 1222 1273 mansum
1237 1184 1276 1248 de
1288 1183 1450 1248 Piauteriis
1466 1183 1654 1265 aSlepbano
1664 1183 1702 1248 de

286 1282 409 1346 iloiono
428 1281 607 1364 adquisivit.
629 1285 667 1346 lu
693 1285 798 1363 Longo
815 1283 901 1348 Valle
919 1285 1069 1348 trecentos
1088 1281 1213 1358 solidos,
1237 1299 1314 1361 quos
1336 1281 1445 1344 babuit
1457 1278 1643 1346 Guilleirnus
1664 1281 1703 1344 de

287 1383 415 1461 Forum.
426 1379 747 1462 Epistolasieronimi,
764 1381 891 1446 Decreta
901 1379 1086 1446 Pontificum
1096 1387 1127 1442 ot
1137 1377 1232 1442 libros
1243 1376 1368 1459 capelle,
1385 1377 1570 1458 Gregorium
1581 1377 1704 1440 Nazan·

285 1491 408 1550 zenum
425 1481 455 1540 et
474 1475 535 1540 duo
551 1475 663 1542 scrinio
683 1476 915 1558 pretiosissima.
930 1509 972 1524 --
988 1479 1027 1540 Et
1038 1479 1146 1540 Petrus
1164 1476 1275 1540 lindos
1291 1474 1341 1558 (7),
1359 1475 1506 1554 magister
1522 1487 1702 1554 puerorum,

286 1573 341 1654 qui
353 1572 437 1638 dedit
446 1575 557 1638 Sancto
567 1573 723 1654 stephano
733 1587 790 1654 pro
803 1572 1012 1638 anniversario
1023 1587 1079 1636 suo
1093 1571 1262 1636 honorilice
1275 1571 1414 1636 iaciendo
1431 1569 1519 1636 mille
1538 1569 1653 1636 solidos
1673 1577 1704 1633 et

287 1670 422 1752 cyphum
433 1675 615 1752 arpennum
623 1685 694 1736 cum
704 1670 844 1736 cocleari.

329 1811 353 1858 ιι
373 1795 491 1860 Nouus.
513 1827 595 1842 --
615 1795 767 1860 obierunt
786 1793 946 1872 vicardus,
981 1793 1170 1870 canonicus;
1193 1827 1234 1840 -
1262 1798 1293 1856 el
1311 1789 1471 1857 lchnr'dus
1494 1791 1546 1875 (8),
1564 1793 1654 1856 levita
1674 1799 1704 1856 et

290 1891 454 1954 cononicus
469 1890 551 1956 bone
563 1893 723 1956 memorie.
742 1925 783 1938 -—
797 1891 814 1974 3
829 1893 866 1956 iit
879 1891 1023 1962 dominus
1034 1889 1181 1954 Girardus
1193 1889 1364 1965 anatterii,
1377 1888 1578 1970 cappellanus
1593 1905 1705 1970 perpe-

289 1993 361 2050 tuus
379 1986 473 2064 buius
487 1985 701 2066 Lugdunensis
714 1985 850 2064 ecclesie,
867 1987 921 2066 qui
942 1985 1094 2050 ordinavit
1111 1986 1190 2062 lieri,
1208 1983 1257 2048 die
1268 1985 1370 2050 obitus
1386 1987 1445 2062 sui,
1461 1984 1701 2066 quolibetanno‚

288 2097 387 2146 unum
406 2083 650 2171 anniversarium
666 2084 701 2148 in
712 2083 839 2148 ecclesia
855 2082 1053 2162 Lugdunensi
1072 2097 1128 2162 pro
1145 2081 1281 2146 remedio
1291 2081 1393 2145 anime
1409 2097 1474 2156 sue,
1496 2087 1657 2162 parentum
1673 2087 1704 2144 et

290 2179 518 2244 benefactorum
536 2195 673 2256 suorum,
696 2195 833 2262 proquo
853 2181 1063 2244 anniversario
1082 2179 1167 2243 dedit
1191 2185 1220 2242 et
1246 2177 1357 2258 legavit
1373 2175 1467 2242 semel
1487 2177 1703 2258 quatervigiuti

291 2275 423 2340 florenos
435 2275 502 2340 auri
514 2271 570 2356 pro
582 2275 816 2356 quatuor'libris
827 2275 1002 2340 reddituum
1020 2275 1226 2356 acquirendis.
1239 2277 1320 2350 Quas
1343 2279 1475 2354 potuer
1495 2272 1591 2340 libras
1609 2273 1706 2338 voluit

291 2371 434 2435 distribui
451 2387 508 2451 per
525 2369 701 2436 libratorem
715 2371 854 2448 ecclesie,
868 2372 922 2452 qui
944 2387 1000 2452 pro
1015 2377 1153 2450 tempore
1176 2369 1277 2444 luerit,
1294 2371 1492 2434 servitoribus
1506 2371 1705 2436 ecclesiarum

292 2467 474 2530 sanderum
485 2466 646 2543 iohannis,
661 2467 810 2550 Stephani
823 2473 853 2531 et
869 2469 979 2530 Sancte
997 2467 1114 2540 Crucis,
1129 2465 1269 2530 videlicet
1281 2467 1482 2530 existentibus
1500 2467 1534 2530 in
1548 2468 1706 2531 matutinis

293 2569 485 2627 mortuorum
504 2579 523 2627 a
542 2565 693 2646 principio
707 2579 806 2644 usque
826 2563 863 2627 ad
886 2561 1026 2627 Laudato
1049 2560 1213 2626 domicum
1231 2579 1337 2628 omnes
1358 2571 1476 2647 pectes,
1504 2563 1707 2644 quadraginta

295 2659 413 2723 solidos
428 2661 648 2738 viennensium,
664 2668 694 2726 et
710 2663 806 2726 missa
820 2661 1020 2724 anniversarii
1039 2659 1181 2723 omnibus
1197 2653 1395 2724 existentibus
1407 2661 1446 2725 ab
1466 2661 1598 2740 epistola
1610 2677 1708 2742 usque
1805 2669 1811 2686 ‘

294 2757 330 2819 ad
344 2756 489 2822 ultimum
500 2761 609 2841 lpum
624 2756 692 2833 Dei,
714 2754 791 2820 alios
802 2755 1005 2836 quadraginta
1017 2755 1131 2818 solidos
1144 2756 1355 2820 viennensium
1366 2755 1603 2832 distribuendos,
1611 2765 1708 2839 prout

299 2851 378 2914 dicto
403 2851 541 2916 libraton'
559 2851 670 2916 medus
692 2851 844 2916 videbitur
864 2851 1048 2930 laciendum,
1061 2859 1153 2934 prout
1173 2853 1204 2916 in
1226 2853 1338 2917 talibus
1358 2859 1404 2917 est
1424 2855 1492 2920 lieri
1512 2862 1703 2920 consuetum.

297 2948 379 3014 Obiit
397 2954 501 3012 autem
517 2947 568 3011 die
586 2951 646 3012 1111
664 2947 779 3012 mensis
792 2949 975 3024 novembris,
992 2965 1073 3013 anno
1094 2949 1210 3014 domini
1233 2951 1277 3012 Μ0
1296 2952 1574 3034 ccc·occogesimo
1594 2954 1704 3034 primo.

298 3045 389 3124 Cujus
398 3045 503 3108 amma
512 3047 684 3126 requiescat
697 3045 728 3110 in
741 3061 826 3128 pace.
840 3046 949 3110 Amen.

289 3165 291 3168 ’
336 3172 452 3234 Novus.
481 3203 562 3216 --
586 3169 736 3234 Obierunt
759 3171 941 3244 Durannus,
974 3171 1117 3236 sacerdos
1140 3180 1177 3236 et·
1192 3175 1376 3252 canonicus,
1411 3177 1464 3256 quvi
1494 3177 1578 3242 dedit
1598 3181 1710 3243 Sancto

299 3266 453 3346 stephano
466 3274 588 3330 centum
602 3265 715 3330 solidos
728 3271 759 3330 et
781 3271 898 3348 septem
919 3266 1032 3341 libros;
1048 3299 1088 3314 -
1101 3273 1133 3331 et
1143 3269 1233 3333 Falco
1247 3270 1284 3334 do
1305 3272 1414 3336 Givorc
1432 3271 1488 3352 (9),
1504 3276 1667 3340 canonicus
1681 3283 1711 3340 et

299 3361 399 3440 levita,
417 3361 471 3443 qui
492 3360 574 3427 dedit
592 3363 702 3428 sancto
723 3362 878 3444 Stephano
895 3369 1019 3426 centum
1035 3364 1189 3444 octoginta
1207 3365 1301 3430 libras
1315 3383 1371 3447 pro
1385 3367 1483 3432 tribus
1497 3371 1712 3435 anniversariis

298 3455 454 3522 iaciendis.
469 3491 511 3504 -
525 3457 700 3539 Stephanus
720 3458 759 3524 do
777 3461 866 3536 Borc,
890 3457 998 3534 lucus,
1017 3461 1070 3540 qui
1087 3459 1212 3542 reliquit
1232 3464 1343 3528 Sancto
1364 3465 1521 3544 Stephano
1544 3482 1600 3547 pro
1620 3467 1713 3531 anni·

297 3555 432 3619 uomodo
447 3569 503 3619 auo
526 3555 687 3619 annuatim
704 3554 843 3620 laciendo
859 3559 989 3618 centum
1009 3553 1104 3618 libros
1114 3555 1335 3652 viennensium,
1359 3577 1436 3640 quas
1460 3560 1569 3625 habuit
1588 3562 1714 3626 Gaude·

298 3667 403 3716 marus
422 3651 483 3734 ((0)
506 3653 707 3729 camerarius,
722 3657 754 3717 ot
773 3652 978 3734 incorporavit
995 3650 1055 3716 boc
1073 3653 1315 3722 anniversarium
1340 3673 1434 3738 supro
1456 3657 1564 3722 domos
1582 3675 1653 3724 suas
1674 3661 1714 3724 de

333 3871 366 3934 (ι)
388 3872 513 3934 Histrici,
533 3881 619 3922 anton
641 3873 671 3922 do
691 3872 966 3925 Cbitillonour-Cbaia-
1048 3871 1264 3930 dcmarbolilonc,
1284 3885 1360 3920 neren
1374 3872 1404 3920 du
1421 3873 1498 3934 doyen
1517 3875 1590 3923 ililon
1609 3877 1714 3924 detoux

301 3963 376 3998 ronne
388 3951 463 4016 (dio).
1049 3949 1086 4012 (V.
1099 3965 1124 4015 p.
1134 3955 1175 4010 lli,
1192 3959 1248 4000 note
1263 3951 1288 4014 o)
1305 3959 1329 4000 et
1342 3953 1404 4000 lrire
1414 3953 1443 4002 da
1456 3954 1585 4006 lonensi
1596 3956 1628 4004 bo
1644 3957 1715 4006 blanc

332 4029 366 4094 (2)
382 4032 446 4091 ctas,
459 4039 545 4082 culon
556 4033 585 4080 de
596 4031 721 4094 Geyztriot
732 4030 806 4094 (lto).
1049 4035 1131 4102 (Arcti.
1143 4033 1177 4080 du
1191 4032 1284 4092 unone,
1296 4033 1368 4095 ligor,
1384 4034 1432 4084 rol.
1445 4037 1469 4095 ἱ,
1482 4043 1511 4084 n·
1528 4037 1576 4101 19),
1595 4041 1652 4088 itali
1662 4041 1716 4102 diii

332 4108 366 4172 (i)
381 4109 489 4174 bleyriat,
498 4119 584 4162 canton
595 4111 625 4160 dc
635 4113 758 4174 depreciat
766 4111 841 4176 (din).
1048 4113 1181 4164 chomarier
1190 4125 1220 4158 cn
1230 4113 1299 4159 liti.
1317 4111 1352 4158 lu
1361 4113 1422 4162 mola
1434 4112 1607 4178 deceptambro
1615 4119 1644 4167 de
1655 4129 1716 4169 cene

333 4187 367 4250 (t)
384 4190 479 4254 nipast,
490 4199 575 4240 numa
589 4191 619 4240 do
629 4191 771 4242 Pom-dila
789 4189 854 4254 din).
1049 4195 1124 4242 aonia
1135 4193 1150 4240 lt
1161 4193 1241 4256 aequit
1248 4193 1415 4256 diplomatis,
1425 4209 1499 4246 venre
1509 4198 1537 4246 de
1546 4198 1679 4250 Gnillonme
1688 4204 1717 4251 de

333 4266 367 4330 (5)
383 4267 476 4330 Polliat,
486 4279 571 4320 canton
581 4271 610 4319 do
618 4271 699 4334 Bonrp
706 4268 781 4333 (ΑΙιι).
1050 4272 1201 4331 ΜιΙῑιιειιιο,
1215 4272 1256 4320 dcc
1270 4287 1327 4320 cens
1339 4281 1363 4322 et
1373 4274 1415 4323 deo
1425 4277 1528 4326 sonim
1539 4282 1552 4328 Ι
1562 4279 1624 4328 laec
1633 4281 1717 4343 (totu,

333 4345 367 4409 (t)
381 4347 544 4412 blegneneina,
558 4349 682 4398 mutando
692 4347 889 4412 'iboisoeylbinb
1049 4349 1140 4409 Enoch,
1158 4350 1206 4397 voi.
1218 4353 1258 4408 tl,
1275 4353 1327 4398 not
1340 4351 1397 4408 bloi.
1410 4354 1457 4402 Por
1469 4369 1515 4406 aon
1529 4361 1662 4420 insument,
1676 4364 1719 4424 qui

334 4427 368 4490 (7)
387 4429 422 4478 Ge
439 4430 520 4480 Picrrc
535 4431 604 4480 Boua
620 4431 693 4479 vivait
708 4441 738 4479 en
758 4431 826 4480 ltttt.
845 4429 883 4493 (V.
900 4429 925 4480 it.
945 4431 967 4478 i.
1050 4437 1119 4492 porte
1134 4429 1156 4478 iu
1172 4428 1226 4478 dala
1237 4430 1267 4478 de
1278 4430 1324 4478 mai
1341 4433 1410 4493 tato,
1422 4433 1439 4482 tt
1455 4435 1570 4486 mando
1585 4439 1599 4487 i
1615 4443 1666 4489 dira
1680 4441 1720 4490 ln·

303 4505 425 4566 diluisset,
437 4521 462 4570 p.
476 4509 527 4572 ta.)
1050 4509 1123 4558 bont
1135 4508 1194 4558 dona
1210 4510 1299 4572 t'tplise
1315 4510 1474 4563 salonitanae
1489 4516 1518 4564 da
1530 4517 1622 4581 ilicon,
1638 4527 1662 4570 et
1678 4533 1721 4569 cr·

335 4585 368 4649 (ti)
382 4585 421 4636 lin
432 4589 548 4638 moine
559 4589 591 4642 du
600 4603 656 4640 nom
668 4589 784 4639 d'bebord
794 4591 922 4654 participa,
939 4603 969 4637 cn
1052 4587 1130 4635 donna
1148 4587 1171 4636 ia
1190 4589 1352 4638 construction
1370 4593 1426 4642 d'uu
1442 4595 1505 4643 autel
1524 4595 1584 4646 dans
1602 4597 1625 4646 iu
1640 4601 1721 4650 calbi-

302 4667 349 4714 nmi
364 4667 433 4728 md,
451 4667 498 4716 ila
509 4671 651 4732 repertition
668 4670 710 4718 dos
722 4683 823 4719 maenus
835 4669 864 4718 de
882 4671 971 4734 leptim
1052 4667 1119 4715 tinio
1133 4667 1161 4716 do
1178 4667 1262 4730 Lyco:
1279 4688 1293 4714 s
1311 4671 1362 4735 Epo
1377 4673 1541 4726 condemnans
1559 4678 1626 4740 lint,
1642 4695 1721 4730 umc-

303 4741 503 4802 metropolitane.
515 4743 709 4807 (V.el-upres‚l‘.
722 4743 744 4792 J.
757 4745 845 4808 attii.)
1054 4747 1133 4795 rarius
1167 4747 1348 4811 Lugdunensis,
1377 4763 1460 4802 cantor
1489 4757 1647 4820 Lingonensio
1654 4793 1720 4812 .....

335 4817 369 4882 (9)
385 4819 419 4869 Co
436 4821 561 4884 cbanoiue,
577 4824 606 4871 do
618 4825 639 4872 Ιι
649 4825 737 4872 lauritio
748 4825 931 4887 eboraici-esque
942 4824 971 4871 de
1053 4825 1200 4887 sepulturam
1217 4841 1293 4876 mesra
1316 4831 1378 4892 eligo
1396 4834 1420 4881 in
1438 4836 1546 4884 ecclesia
1559 4837 1640 4886 Sancti
1659 4839 1722 4888 Petri

301 4896 396 4960 otton,
405 4899 479 4950 vivait
488 4915 519 4950 on
530 4905 599 4951 illiti.
611 4903 687 4958 libbe
695 4904 804 4967 Jacqom,
814 4917 838 4966 p.
850 4902 916 4966 liti.)
1053 4905 1241 4969 ilntisconensis,
1253 4915 1277 4954 et
1292 4907 1326 4956 ibi
1341 4923 1443 4960 unacum
1454 4915 1537 4977 priore
1552 4917 1659 4977 eiusdem
1676 4919 1723 4967 ioci

334 4974 383 5040 (lli)
400 4977 534 5030 Gaodemor
545 4981 575 5029 dc
585 4981 671 5031 iurari
697 4983 725 5028 V.
742 4981 873 5044 ciderunt,
890 4997 916 5046 p.
931 4985 970 5043 tt,
1054 4983 1108 5032 volo
1120 4984 1198 5032 modia
1212 4987 1324 5036 omnibus
1341 4989 1436 5052 sepeliri
1439 5024 1487 5040 .....
1505 4993 1609 5043 Ecclesia
1624 4993 1723 5058 Lugdu·
1786 5019 1789 5032 ·

305 5063 360 5105 note
379 5057 410 5120 l),
424 5073 456 5110 ou
472 5061 608 5112 Gaudemnr
624 5064 656 5112 La
670 5063 741 5112 blane
758 5061 850 5126 (libbi
860 5085 888 5099 -
908 5063 973 5110 Gau·
1055 5065 1123 5111 ncnsi
1135 5065 1175 5125 do,
1196 5066 1248 5129 lego
1265 5075 1358 5116 eentum
1373 5077 1397 5119 et
1415 5073 1499 5136 viginti
1514 5073 1589 5123 libras
1608 5075 1724 5124 viennen-
