4314 6058
460 841 517 906 488
977 846 1083 910 crisces
1106 857 1362 908 ansrrrrcnrrvns

457 976 582 1040 ecclesie
606 975 644 1040 de
665 975 786 1040 Unitate
804 983 834 1040 et
848 977 1001 1059 Hospitali
1019 983 1050 1040 et
1061 979 1117 1040 XX
1127 975 1217 1039 solidi
1229 975 1267 1038 de
1281 974 1361 1038 dono
1375 974 1526 1039 iohannis
1537 974 1574 1036 de
1594 975 1715 1038 lauris.
1731 974 1873 1048 Girardo,

455 1075 645 1150 vicanollli
659 1073 759 1136 solidi.
776 1075 906 1138 Martino
916 1075 954 1137 dc
965 1073 1175 1139 ViricellaXli
1187 1071 1287 1134 solidi.
1303 1072 1438 1134 Joharrni
1448 1071 1641 1134 dsLarniaco
1651 1072 1778 1136 lendum
1790 1073 1875 1152 qnod

456 1173 615 1236 babehata
628 1171 810 1235 senescalco.
822 1171 931 1234 lictum
942 1187 1023 1233 anno
1036 1169 1159 1233 Domini
1175 1171 1219 1234 M⁰
1235 1169 1295 1232 GG⁰
1306 1171 1418 1232 Villis

713 1265 884 1350 (orietani.
894 1301 935 1312 -
948 1264 1093 1330 Arabicae
1111 1263 1155 1328 du
1175 1262 1292 1338 Misius,
1309 1262 1584 1336 dementiores,
1602 1261 1790 1341 tetrameter,

789 1363 876 1448 plica
888 1375 926 1426 ct
942 1365 985 1442 i.)

454 1751 545 1816 Prisc
564 1773 603 1816 cu
622 1751 684 1835 fias
699 1753 736 1818 dc
755 1751 871 1835 captis
895 1747 932 1816 dc
954 1757 1041 1832 hyon
1056 1766 1122 1832 pur
1141 1743 1319 1813 ffldlloumc
1340 1747 1378 1812 de
1395 1743 1586 1831 Marchoncp,
1610 1745 1648 1810 dc
1664 1753 1733 1810 tout
1746 1766 1777 1812 ce
1792 1745 1873 1832 pu'r'l

491 1849 652 1931 posso'dac't
667 1849 749 1914 dorca
765 1849 808 1914 les
817 1845 980 1932 paruisses
998 1845 1036 1911 da
1050 1843 1318 1918 Sciat-Gerrunio,
1335 1841 1373 1908 dc
1391 1844 1486 1910 coris
1501 1853 1529 1909 ct
1543 1841 1579 1906 de
1597 1841 1807 1929 Polcymr'euc.

1119 1981 1206 2042 lhos.

490 2143 681 2218 Ruinaudun
699 2142 754 2207 Dei
768 2143 866 2223 gratia
883 2143 982 2223 primo
993 2139 1208 2218 Lugdunensis
1223 2136 1352 2202 ecclesie
1365 2137 1513 2200 minister
1524 2137 1664 2212 humilis,
1677 2139 1820 2204 omnibus
1834 2142 1868 2204 irr

451 2247 645 2322 perpetuum.
669 2239 863 2303 Universitati
881 2243 978 2304 vestre
1001 2237 1190 2318 presentium
1210 2235 1396 2298 authoritate
1422 2229 1564 2298 volumus
1587 2235 1759 2299 innotescat
1780 2235 1869 2316 quod

449 2333 635 2402 vuillelmus
650 2336 687 2398 de
704 2335 878 2399 biarchiam
897 2334 979 2414 cepit
1003 2333 1035 2396 in
1057 2331 1183 2396 lendum
1201 2332 1240 2396 ab
1263 2330 1391 2396 ecclesia
1410 2330 1609 2410 Lugdunensi
1630 2331 1780 2412 quidquid
1799 2335 1869 2413 ipse
1936 2364 1938 2366 ·

449 2449 506 2498 suo
526 2431 573 2496 vel
593 2431 745 2512 lingonis,
762 2429 865 2494 fratris
877 2429 924 2493 sui
949 2429 1014 2508 iam
1027 2427 1173 2504 defuncti,
1196 2427 1320 2492 nomine
1333 2427 1507 2508 possidebat
1526 2429 1559 2492 in
1579 2429 1743 2508 parrochie
1762 2429 1866 2494 Sancti

450 2527 594 2592 Germani
617 2533 647 2591 et
667 2528 705 2591 do
727 2527 815 2590 Curis
830 2531 861 2590 et
884 2526 923 2588 ds
942 2523 1112 2598 Polomieu,
1132 2530 1163 2588 et
1181 2523 1252 2588 inde
1268 2525 1339 2588 iecit
1360 2525 1534 2588 hominium
1556 2523 1665 2604 ligium
1686 2523 1865 2602 vuillelmo,

431 2612 575 2701 ''docano
589 2632 619 2688 et
632 2623 806 2698 Rainaudo,
820 2620 1046 2695 archidiacono,
1069 2627 1140 2684 tunc
1159 2619 1392 2686 obedientiariis
1408 2620 1510 2685 sancti
1524 2621 1679 2698 Germani,
1697 2621 1779 2686 salva
1792 2621 1867 2703 ligi-

448 2725 509 2783 tate
520 2719 637 2785 domini
649 2721 740 2794 huss,
757 2718 888 2798 acceptis
902 2717 941 2782 ab
956 2717 1001 2780 ais
1012 2717 1120 2796 uiginti
1132 2715 1219 2782 libris
1236 2717 1372 2795 iortiom,
1389 2718 1472 2798 quod
1485 2716 1626 2782 similiter
1638 2725 1756 2784 torretur
1768 2721 1869 2784 lacere

448 2817 516 2898 ipse
529 2815 573 2881 rel
584 2818 650 2896 ejus
660 2815 789 2879 heredes
802 2814 927 2878 domino
942 2828 998 2894 pro
1012 2819 1150 2894 ternpore
1164 2814 1265 2879 Sancti
1276 2815 1433 2889 Germani;
1449 2815 1492 2878 ita
1505 2821 1608 2878 tamen
1620 2816 1713 2896 quod,
1724 2817 1750 2880 si
1763 2817 1868 2897 pluras

450 2915 593 2978 habuerit
607 2913 746 2988 heredes,
762 2909 815 2974 ille
825 2915 944 2974 tanturn
958 2903 1083 2972 domino
1093 2911 1194 2974 Sancti
1210 2910 1354 2973 Germani
1364 2911 1539 2975 hominium
1551 2911 1660 2991 ligium
1673 2912 1773 2976 iacere
1786 2918 1868 2976 terre-

450 3013 543 3086 bitur,
566 3011 620 3090 qui
634 3011 667 3072 in
682 3009 774 3072 rebus
785 3007 941 3088 predictis,
954 3007 987 3070 in
998 3012 1095 3070 totum
1108 3007 1157 3070 vel
1170 3023 1226 3087 pro
1245 3013 1342 3088 parte,
1367 3009 1418 3088 jus
1430 3007 1546 3072 habers
1558 3011 1731 3089 contigerit.
1745 3011 1778 3073 Si
1791 3025 1865 3074 cero

390 3167 398 3178 ,
450 3105 613 3170 herodotus
628 3105 709 3183 apud
727 3105 844 3167 ¹Ansam
855 3103 991 3183 aliquam
1005 3102 1036 3165 in
1058 3102 1150 3165 rebus
1165 3101 1230 3164 istis
1241 3104 1412 3184 perceperit
1436 3104 1617 3184 portionem
1634 3121 1691 3186 pro
1705 3111 1791 3187 parte
1808 3123 1866 3170 sua

450 3203 625 3265 hominium
639 3201 749 3280 ligium
762 3200 886 3263 domino
900 3199 1004 3264 Sancti
1020 3199 1163 3262 Germani
1182 3199 1281 3262 lacere
1297 3205 1429 3275 terretur,
1443 3200 1536 3275 salva,
1552 3201 1631 3264 sicut
1653 3201 1866 3281 supradictum

449 3304 505 3373 est,
529 3295 644 3377 ligitate
660 3293 777 3360 domini
801 3297 890 3359 Anae.
916 3297 1019 3360 Testes
1049 3295 1254 3360 interfuerunt
1270 3295 1320 3359 isti
1345 3313 1353 3360 :
1376 3298 1503 3362 Girinus
1523 3297 1562 3361 de
1581 3300 1692 3361 Sancto
1715 3298 1863 3378 Proiecto,

446 3393 594 3474 magister
613 3389 797 3457 vuillelmus
815 3391 853 3454 de
869 3391 1030 3465 Marciaco,
1047 3389 1241 3456 Guicherdus
1265 3391 1303 3456 de
1322 3395 1483 3472 Marciaco,
1501 3395 1637 3470 Girinus,
1654 3395 1862 3474 pecuniarios,

446 3493 565 3564 Petrus,
585 3485 778 3552 senescalcus
801 3486 964 3562 refectorii,
991 3485 1162 3550 Dalmatius
1182 3485 1221 3550 de
1239 3489 1353 3564 Iconio,
1374 3489 1568 3553 Guichordns
1592 3490 1630 3554 de
1651 3491 1800 3554 Marciaco
1825 3493 1864 3556 de

447 3582 652 3660 Montmalast,
667 3585 757 3662 Hugo
768 3582 805 3644 de
817 3582 978 3653 Marciaco,
993 3579 1093 3644 Guido
1106 3583 1145 3645 de
1157 3583 1316 3660 Marciaco,
1332 3585 1460 3648 Pontius
1471 3585 1509 3649 de
1523 3585 1666 3662 Brienna,
1676 3583 1863 3651 bublelmus

448 3666 486 3743 de
501 3679 662 3757 Golunges.
679 3681 741 3741 Nos
755 3693 836 3752 vero,
856 3676 895 3738 ad
916 3678 1066 3756 majorem
1081 3679 1174 3742 totius
1193 3680 1237 3742 rei
1257 3681 1461 3759 securitatem,
1484 3687 1658 3764 presentem
1677 3688 1794 3746 cartam
1807 3699 1865 3766 per
1909 3674 1915 3682 “

447 3773 647 3856 alphabetum
670 3769 798 3837 divisam
819 3773 891 3836 inde
915 3773 983 3836 fieri
1001 3781 1031 3838 st
1050 3773 1152 3854 sigillo
1175 3781 1280 3838 nostro
1297 3777 1446 3857 jussimus
1471 3778 1622 3844 roborari.
1646 3778 1757 3842 Actum
1782 3795 1864 3842 anno

446 3873 607 3936 Dominice
619 3869 836 3936 incarnationis
847 3866 1013 3934 millesimo
1025 3871 1233 3934 ducentesimo
1248 3885 1339 3936 nono.

740 3973 868 4136 v(Copais.
890 3971 1097 4148 a--il’rclc'oes
1121 3971 1165 4040 du
1181 3973 1299 4053 iliados,
1322 3977 1467 4044 Andeira
1488 3983 1598 4056 Jonas,
1626 3977 1749 4044 colonae
1768 3983 1818 4055 3i,

783 4091 820 4156 pc
837 4083 920 4138 carc
956 4119 963 4134 .
1096 4093 1100 4100 ·

449 4439 673 4528 centapolis
692 4401 870 4509 mucore
886 4441 1135 4511 coronamenta
1154 4445 1192 4511 dc
1214 4445 1392 4516 Gudloomc
1407 4445 1444 4514 dc
1466 4443 1610 4533 carcaa
1630 4441 1808 4513 onolacco
1825 4441 1863 4508 de

637 4537 741 4618 Glrctt,
760 4540 798 4608 ds
809 4543 956 4628 pnalpocs
969 4543 1065 4626 sortds
1077 4545 1135 4630 ptri
1149 4545 1355 4632 opacabat
1370 4548 1407 4614 dc
1427 4567 1465 4615 so
1478 4546 1666 4612 successies.

1106 4679 1195 4748 ⁴209..

484 4805 673 4884 Rainandns,
693 4805 749 4870 nsi
769 4805 868 4886 pratia
888 4807 987 4887 prime
1006 4807 1218 4887 Lugdunensis
1239 4809 1366 4876 ecclesie
1387 4811 1526 4874 minister
1548 4805 1687 4882 humilis,
1717 4805 1863 4870 omnibus

417 4975 420 4982 ,
444 4905 682 4986 imperpetuum.
695 4901 817 4968 Noverit
834 4908 896 4966 tarn
919 4919 1047 4983 presens
1068 4909 1131 4970 etas
1145 4921 1239 4986 quarn
1253 4923 1431 4970 successura
1444 4905 1606 4986 posteritas
1624 4903 1707 4984 quod
1721 4917 1792 4966 cunr
1810 4903 1860 4964 w.

444 4999 482 5069 dc
493 5005 591 5084 varey
600 4999 760 5066 Montius
771 4999 979 5066 executionem
990 5017 1045 5066 sno
1055 5000 1219 5066 voluntatis
1231 5005 1265 5066 P.
1280 5001 1431 5078 devaret,
1446 5001 1533 5066 tratri
1544 5015 1614 5076 suo,
1627 5005 1659 5063 ct
1670 5000 1707 5062 b.
1729 4997 1767 5060 ds
1781 4999 1862 5084 liner
