4314 6058
746 871 854 934 nuere
876 882 1129 933 susurremus.

923 1129 945 1186 U

226 1281 421 1346 Cmecense'on
438 1298 502 1363 por
519 1277 565 1345 ico
584 1277 667 1348 obbe'
681 1291 710 1350 ct
732 1281 887 1368 scipione
905 1282 1051 1370 coinon,
1067 1281 1224 1350 dl'oeonre
1242 1279 1287 1346 dn
1305 1273 1444 1348 Pont'dc
1465 1275 1583 1353 flocco,
1606 1277 1644 1342 de

569 1373 650 1442 dcccc
667 1377 904 1461 cmplnnemcntr
921 1396 980 1446 rur
994 1375 1023 1444 ln
1037 1375 1118 1444 bord
1131 1377 1178 1444 dc
1195 1379 1303 1461 tienne

852 1515 927 1577 Veis
942 1515 1031 1578 ttett.

263 1643 411 1716 somnos,
432 1643 486 1706 Dei
506 1645 605 1723 protin
628 1645 728 1726 prime
747 1644 958 1726 Lugdunensis
980 1645 1108 1710 cocinde
1127 1645 1255 1710 humitis
1275 1643 1426 1719 sacerdos,
1441 1642 1584 1708 omnibus
1604 1641 1644 1704 ad

225 1753 308 1818 quos
322 1735 423 1801 littero
436 1738 493 1802 isto
512 1741 716 1822 pervenerint,
730 1741 861 1807 salumin
873 1743 906 1806 in
923 1741 1058 1805 domino.
1072 1745 1186 1808 Notum
1197 1743 1237 1807 sit
1249 1740 1437 1806 universitati
1451 1745 1548 1804 resne
1561 1737 1644 1818 quod

224 1834 324 1899 uibus
335 1835 517 1902 ctmnncohi
528 1837 1169 1920 monesteriidthnnecensisedpetitionenr
1181 1839 1294 1904 ciuium
1306 1836 1552 1917 nostrorum,qui
1564 1851 1644 1916 opus

226 1930 331 2009 pontis
340 1931 481 1994 emedio
490 1947 547 1996 sue
559 1931 724 2010 habebunt,
740 1941 964 2010 concesserunt,
976 1933 1010 1996 in
1023 1933 1176 2014 presentia
1188 1939 1305 2010 nosne,
1316 1934 1350 1998 in
1360 1949 1437 1998 usus
1446 1939 1478 1998 et
1487 1931 1644 1997 nenessita-

226 2031 272 2089 tes
284 2024 371 2090 iilius
381 2027 494 2108 operis,
503 2027 580 2092 duos
592 2043 679 2094 unes
690 2028 723 2093 in
734 2029 803 2110 ripn
813 2028 945 2106 dodoni,
953 2028 1011 2093 sub
1022 2044 1126 2092 annuo
1134 2042 1229 2094 censu
1240 2029 1335 2094 trium
1346 2029 1517 2096 solidorum
1523 2034 1556 2094 ct
1565 2027 1645 2092 duo-

226 2142 300 2190 rum
311 2125 509 2192 denariorum
526 2133 557 2192 et
575 2127 708 2194 ducrum
722 2144 892 2211 coponem
908 2127 1048 2194 videlieet
1058 2127 1186 2194 alterurn
1199 2143 1256 2210 pro
1276 2127 1448 2205 medietate,
1467 2133 1499 2193 nt
1515 2127 1645 2193 niterenr

229 2237 287 2304 pro
319 2222 416 2287 nitere
427 2223 590 2290 medietato
602 2223 688 2290 illius
711 2225 878 2307 pensionis,
894 2225 953 2290 sub
966 2241 1004 2290 en
1023 2226 1132 2308 utique
1151 2224 1329 2292 condicione
1350 2225 1444 2306 quod,
1459 2239 1530 2290 enm
1544 2224 1647 2305 pontis

227 2319 383 2400 expletum
398 2321 492 2388 inerit
509 2335 598 2404 opus,
620 2321 792 2386 renduntur
811 2337 881 2386 nree
898 2319 952 2390 ilio
972 2337 1045 2388 oum
1065 2321 1207 2400 edificio,
1220 2338 1283 2406 qne
1302 2323 1336 2388 in
1354 2322 1399 2388 eis
1419 2322 1499 2385 note
1518 2321 1642 2400 tuerint,

227 2415 313 2480 salvo
330 2417 475 2496 predictis
486 2417 648 2482 mononis
667 2418 738 2497 jure
748 2433 816 2482 sun.
831 2417 946 2482 Licebit
968 2422 1074 2482 autern
1085 2417 1245 2482 monachis
1259 2416 1333 2481 hinc
1347 2431 1403 2497 pro
1421 2415 1531 2482 eodem
1545 2415 1644 2498 pretio

226 2527 280 2574 eus
292 2513 424 2576 retinere
436 2529 494 2594 pro
506 2529 570 2594 qno
583 2513 663 2578 eiius
681 2515 766 2596 ipses
786 2529 889 2582 eutem
901 2514 1041 2580 rniunrit.
1060 2515 1172 2579 nemin
1190 2514 1331 2594 Lugduni
1346 2529 1403 2595 per
1420 2529 1548 2582 menum
1559 2515 1645 2580 Geu-

231 2607 308 2672 tredi
324 2609 445 2673 nnurd.

874 2685 1070 2769 (cartulaire
1079 2689 1257 2756 manuscrit
1268 2687 1413 2774 d'dn‘noy,
1431 2687 1458 2768 11
1472 2693 1525 2752 LX
1529 2688 1603 2766 711.)

230 3073 321 3138 Prisc
335 3092 373 3140 en
389 3071 450 3156 pies
462 3071 499 3144 dc
518 3071 635 3162 t'e'qis'cc
662 3074 700 3142 de
713 3085 875 3240 tpnndprlrr
889 3081 1019 3242 galune
1039 3077 1144 3154 dorin,
1165 3073 1332 3152 ohannins,
1349 3073 1394 3138 du
1406 3091 1477 3138 mat
1494 3073 1531 3140 dt
1546 3069 1642 3146 GM.
1722 3059 1726 3064 ¹

849 3193 870 3240 o
992 3191 1084 3258 apoc,

900 3341 988 3434 reso,

268 3481 378 3546 Annus
394 3489 427 3546 et
445 3499 545 3548 ennur
564 3483 629 3550 enit
646 3487 795 3567 ripsque
812 3485 1038 3552 dednxinnibns
1057 3487 1179 3552 dierum
1195 3485 1349 3551 cotidiene
1374 3481 1583 3548 connituntur
1606 3499 1646 3550 ex

228 3573 327 3642 ooniis'
337 3580 492 3661 breveque
505 3597 630 3662 presens
640 3583 723 3664 quod
741 3583 882 3648 inminet
897 3584 949 3647 rix
964 3583 1003 3647 ad
1013 3589 1205 3648 nrnnrontunr
1222 3578 1335 3646 sufficit
1351 3579 1475 3644 moueri.
1491 3577 1644 3656 Quonienr

197 3755 202 3772 ι
226 3676 324 3756 igitur
340 3676 448 3756 rugum
462 3683 637 3760 temporum
649 3679 795 3746 onhiboee
808 3695 870 3746 non
897 3695 1071 3762 possumus,
1086 3697 1126 3744 ne
1141 3679 1250 3744 eedem
1268 3693 1392 3762 quoquc
1409 3675 1560 3755 vertigine
1580 3691 1646 3756 goe

209 3777 329 3852 ,turum
350 3789 456 3838 rerum
478 3773 659 3840 ohtnivetur
681 3775 841 3852 merueris,
863 3775 1077 3857 nujuscemodi
1095 3777 1149 3857 qui
1164 3775 1312 3857 'sequitur
1334 3779 1507 3838 conuentus
1535 3772 1646 3838 seriem

227 3868 419 3950 modumque
429 3870 501 3936 stite
512 3877 544 3936 et
553 3871 650 3936 dreni
664 3871 765 3938 iittere
777 3872 812 3937 in
826 3879 1011 3955 perpetuum
1024 3872 1314 3948 commenderinrus.
1328 3873 1464 3936 Noscant
1483 3869 1578 3950 igitur
1590 3871 1646 3952 qni

228 3965 287 4030 hec
300 3963 441 4046 legerint,
455 3967 531 4048 quie
549 3971 616 4048 ugo
629 3965 735 4032 Furios
752 3983 896 4034 monsone
907 3968 946 4034 de
957 3966 1055 4044 cneii,
1071 3984 1165 4049 quern
1176 3985 1233 4050 pro
1246 3965 1337 4032 clodo
1348 3965 1556 4048 possidebam,
1572 3981 1645 4036 oum

230 4063 499 4144 appendiciisque
513 4065 552 4130 nb
565 4065 693 4130 ecclesie
707 4066 914 4147 Lugdunensi
930 4067 1018 4147 odins
1032 4066 1196 4130 cononicus
1209 4081 1289 4141 sum,
1299 4065 1332 4128 in
1345 4063 1472 4128 feudum
1485 4063 1599 4144 occepi,
1614 4069 1646 4126 et

230 4157 343 4224 exinde
353 4160 528 4226 hominium
546 4163 774 4228 obedienciarin
787 4163 869 4229 Anse
879 4163 981 4228 iacere
996 4161 1095 4226 dedeo
1115 4177 1172 4240 ego
1186 4167 1216 4224 et
1232 4175 1423 4226 semron
1433 4157 1505 4234 mci,
1519 4157 1646 4240 prestito

231 4261 434 4332 rennuente,
451 4257 534 4337 quod
553 4257 665 4322 domus
683 4257 722 4323 ds
742 4259 831 4324 cheil
857 4257 917 4324 sibi
935 4257 1080 4323 reddetur
1098 4255 1344 4338 quandocunque
1357 4253 1449 4320 tuerit
1461 4254 1648 4334 censorin

230 4349 481 4423 obediencietine
503 4354 529 4425 si
548 4355 673 4435 quidem
687 4353 769 4420 inse
785 4353 892 4434 jurare
907 4353 997 4419 debet
1007 4353 1086 4418 mihi
1101 4357 1132 4416 et
1149 4351 1373 4417 mcceenribus
1387 4351 1465 4415 meis
1480 4365 1513 4416 sc
1526 4347 1646 4421 nuttam

231 4445 297 4514 utin
313 4447 406 4512 medo
419 4449 567 4530 injurium
585 4449 760 4528 illaturum
780 4449 863 4533 quod
877 4450 904 4514 si
916 4451 994 4516 torte
1013 4465 1052 4514 ex
1062 4449 1240 4530 ignorando
1251 4447 1368 4524 iecerit,
1379 4448 1579 4531 requisitusn
1596 4463 1647 4514 rne

230 4542 278 4608 roi
293 4545 380 4620 nois,
396 4559 491 4626 pern
504 4546 595 4612 citius
606 4545 799 4621 emendatum
816 4545 898 4636 quod
913 4546 940 4610 ei
952 4545 1052 4617 tenere
1066 4544 1212 4622 renuerit,
1228 4545 1296 4628 ipso
1309 4541 1450 4621 ecclesie,
1467 4543 1551 4625 qnod
1567 4561 1646 4610 com-

231 4641 362 4706 missum
371 4641 474 4718 inerit,
484 4639 675 4722 justificabit.
687 4645 842 4718 Proteree,
853 4647 1007 4706 transeote
1015 4643 1196 4707 necesitate
1207 4657 1264 4724 pro
1275 4657 1338 4724 que
1348 4640 1475 4706 domum
1486 4641 1646 4722 receperit,

231 4737 332 4818 ipsam
352 4737 479 4804 domm
492 4738 620 4804 reddere
632 4739 724 4804 debet
737 4738 858 4804 illesam
882 4746 913 4803 et
927 4755 1071 4804 mensum
1085 4755 1157 4810 oum
1174 4738 1374 4822 appendiciis,
1390 4737 1478 4804 nulia
1498 4737 1649 4804 violencie

232 4831 316 4900 iiietn
329 4835 507 4902 homnibus
519 4836 637 4901 ibidem
649 4837 855 4902 nemoribus.
871 4837 895 4902 it
910 4851 1057 4902 converso
1075 4835 1205 4900 ecclesie
1231 4833 1315 4900 dedit
1327 4834 1407 4900 mihi
1420 4840 1453 4900 et
1464 4833 1649 4902 mcnoewtt‘·

234 4933 290 4996 irus
302 4932 380 4996 nois
393 4933 623 5017 inperpetuum
639 4947 733 5002 omne
751 4933 923 4998 dominium
935 4930 1105 4998 molendini
1119 4931 1202 5013 quod
1219 4947 1314 5012 supro
1325 4947 1432 5004 nreurn
1445 4937 1592 5000 stntntunr
1602 4937 1650 4996 eet

233 5045 303 5104 111111
316 5029 517 5112 annuncio,
532 5027 648 5104 scilicet
658 5027 740 5111 sulit
759 5035 791 5104 nt
803 5027 965 5106 ordonio,
981 5033 1011 5092 11
1024 5033 1138 5104 wirnto
1151 5043 1213 5118 qun
1223 5027 1308 5100 tedet
1322 5028 1411 5113 iuxta
1423 5035 1545 5110 preturn
1564 5029 1648 5094 iern-
