4314 6058
766 792 871 852 ericus
894 803 1144 852 rusrrrrcnmrns.

286 1422 378 1486 erice
390 1439 427 1486 en
440 1420 501 1502 fies
511 1421 547 1486 dc
561 1418 678 1506 l'e'plt'se
697 1421 732 1486 dc
749 1433 842 1508 lyon·
849 1443 914 1506 par
929 1423 1066 1508 dulgere
1086 1423 1121 1488 dc
1144 1429 1231 1497 Suro,
1252 1422 1415 1496 rbcrnlr'en
1437 1424 1473 1488 de
1493 1445 1525 1484 cr
1541 1423 1619 1508 qud

609 1517 771 1601 possederit
796 1519 876 1583 dans
895 1519 927 1582 ta
947 1520 1028 1583 dimo
1048 1521 1090 1583 du
1111 1517 1293 1583 illontcllr'rr.

865 1734 938 1794 Juin
954 1735 1041 1796 4285.

287 1929 346 1989 Nos
360 1927 506 2004 magister
520 1927 670 1989 Henricus
691 1925 728 1988 de
743 1927 887 2002 Sarliues3
903 1923 1041 1989 officialis
1058 1927 1141 1988 curie
1162 1928 1384 2004 Lugdunensis,
1403 1938 1506 1990 notnrn
1530 1930 1657 1991 lacirnus

245 2022 397 2086 uniuersis
409 2029 565 2100 presentes
576 2023 690 2085 litteras
704 2023 886 2102 inspecturis
897 2023 976 2102 quod
990 2023 1171 2084 constitutus
1187 2041 1288 2084 coram
1301 2026 1388 2086 uobis
1404 2026 1545 2087 dominus
1559 2025 1657 2100 Guigo

246 2119 284 2180 de
298 2120 385 2191 Sura,
406 2115 504 2190 miles
523 2118 633 2193 sciens,
650 2118 785 2197 prudens
804 2123 833 2180 et
851 2125 1046 2200 spontaneus,
1068 2118 1176 2196 recipit
1195 2121 1226 2179 in
1245 2120 1371 2181 lerinum
1395 2137 1413 2181 a
1437 2120 1657 2183 venerabilibus

243 2215 316 2276 siris
330 2215 454 2304 domino
464 2217 514 2288 G,
531 2213 656 2287 decano,
672 2221 702 2277 et
716 2215 849 2294 capitulo
864 2215 961 2294 prime
976 2213 1187 2292 Lugdunensis
1201 2213 1336 2306 ecclesie,
1349 2217 1471 2278 nomine
1484 2224 1511 2278 et
1525 2217 1563 2278 ad
1579 2234 1656 2295 opus

245 2311 323 2374 dicte
340 2309 475 2386 ecclesie,
498 2328 546 2398 res
563 2311 642 2372 intra
663 2312 790 2390 scriptos
810 2311 971 2373 existentes
992 2309 1029 2371 de
1054 2326 1110 2371 suo
1134 2311 1262 2372 francho
1282 2311 1404 2386 allodio,
1425 2319 1457 2372 ut
1480 2314 1546 2390 ipse
1568 2311 1657 2373 miles

232 2409 350 2472 asserit
368 2425 470 2472 coram
489 2408 588 2481 nobis,
606 2405 746 2472 videlicet
765 2415 859 2470 totam
881 2407 1030 2470 decimam
1045 2407 1082 2467 de
1098 2409 1176 2484 Laya
1197 2406 1226 2467 el
1240 2407 1431 2469 rnediebrtenr
1457 2425 1511 2486 pra
1529 2410 1656 2470 indiviso

245 2503 361 2566 decime
384 2505 615 2582 deRomaigni;
641 2505 714 2568 item
729 2520 818 2566 omne
843 2503 893 2580 J'us
917 2509 1083 2564 etomnem
1105 2499 1254 2563 actionem
1276 2518 1462 2580 omnemque
1486 2511 1602 2583 partem
1627 2511 1656 2564 et

245 2599 420 2678 porcionem
432 2599 515 2679 quod
526 2605 557 2662 et
570 2617 646 2680 quas
666 2599 747 2662 idem
761 2599 849 2660 miles
864 2599 995 2662 habebat
1013 2598 1059 2659 rel
1075 2598 1186 2660 babere
1201 2604 1318 2676 poterat
1333 2599 1547 2677 quoquomodo
1570 2608 1599 2661 et
1619 2617 1656 2660 ex
1761 2634 1763 2650 ι

245 2711 437 2777 quocumque
453 2713 545 2759 cansa
561 2697 594 2758 in
617 2697 734 2759 decima
756 2696 851 2758 tocius
874 2695 1034 2776 parrochie
1054 2693 1104 2756 del
1122 2693 1305 2768 bloutellier,
1334 2712 1403 2778 cunr
1421 2694 1512 2774 pleno
1532 2696 1601 2772 jnre
1623 2705 1653 2756 cr

244 2793 379 2856 dominio
393 2799 424 2855 et
438 2792 634 2872 pertinenciis
649 2792 800 2854 dictorum
817 2807 918 2853 rerum
938 2791 1096 2854 universis.
1113 2785 1275 2853 'confitens
1294 2799 1324 2852 et
1339 2791 1557 2869 recognoscens
1572 2793 1653 2854 ide'm

243 2887 331 2952 miles
348 2905 449 2952 coram
464 2889 552 2951 nobis
571 2905 603 2951 se
618 2889 760 2952 babuisse
775 2895 802 2950 ct
818 2887 967 2978 recepisse
980 2892 1043 2948 tarn
1060 2885 1215 2948 adonriuo
1230 2886 1344 2948 decano
1357 2897 1386 2948 et
1398 2885 1531 2966 capitulo
1544 2905 1653 2968 supra-

243 2987 331 3049 dictis
345 3002 437 3066 quam
448 2985 601 3047 adomino
612 2985 765 3056 lodovico
776 2985 812 3046 de
828 2985 997 3059 blarcbant
1012 2985 1156 3046 canonico
1169 2984 1375 3062 lugdunensi,
1390 2991 1419 3047 et
1430 2985 1531 3048 donno
1546 2989 1653 3050 Pontio

243 3085 281 3145 de
295 3081 442 3156 Vallibus,
460 3081 639 3161 cappellano
654 3081 684 3142 in
707 3082 815 3160 majori
841 3081 967 3143 ecclesia
982 3079 1188 3157 Lugdunensi,
1208 3080 1386 3156 legittimam
1410 3087 1438 3142 et
1456 3079 1653 3146 srrfficientem

243 3178 547 3257 reconpensationem
562 3194 617 3256 pro
632 3193 668 3239 eo
683 3177 764 3255 quod
777 3178 842 3254 ipse
853 3177 965 3255 recepit
976 3176 1008 3236 in
1018 3175 1144 3237 lendum
1155 3192 1203 3236 res
1216 3175 1365 3252 predictas
1376 3193 1393 3237 a
1406 3178 1530 3240 domiuo
1540 3179 1654 3242 decano

241 3281 270 3336 et
284 3275 416 3353 capitulo
429 3273 624 3353 supradictis.
641 3273 825 3336 Promittens
846 3272 926 3333 idem
941 3269 1030 3332 miles
1051 3285 1154 3332 coram
1173 3269 1261 3332 nobis
1276 3287 1330 3347 per
1338 3271 1547 3346 juramentum
1562 3292 1654 3354 super

240 3377 344 3446 sancta
358 3371 412 3432 Dei
431 3369 609 3448 euvangelio
629 3367 827 3448 corporaliter
845 3368 1004 3447 prestitum
1020 3373 1048 3428 et
1068 3366 1124 3428 sub
1145 3363 1328 3447 obligatione
1343 3367 1652 3432 omniumbonorunr

240 3483 366 3528 snorum
380 3466 542 3534 mobilium
560 3470 590 3527 et
605 3463 810 3527 immobilium
825 3463 1015 3542 presentium
1032 3468 1060 3524 et
1079 3463 1251 3522 futurorum
1268 3477 1300 3522 se
1314 3463 1517 3540 receptionem
1533 3465 1612 3526 leudi
1623 3474 1652 3527 et

240 3563 460 3626 consessionem
478 3561 638 3640 predictas,
654 3567 685 3622 et
699 3561 802 3622 omnia
815 3576 849 3620 ac
868 3559 989 3637 singulo
1004 3557 1177 3637 supradicta
1196 3563 1261 3618 rata
1275 3563 1304 3618 et
1323 3558 1412 3619 firma
1426 3559 1457 3619 in
1471 3551 1651 3640 perpetuum

240 3666 271 3721 et
284 3657 498 3720 inviolabiliter
508 3663 697 3731 servaturum
711 3661 741 3718 et
753 3663 857 3717 contro
868 3654 1059 3734 aliquatenus
1074 3669 1133 3714 non
1144 3659 1315 3726 venturum,
1326 3655 1482 3717 necalicui
1494 3658 1652 3720 contraire

239 3753 352 3819 volenti
367 3754 398 3815 in
418 3753 521 3831 aliquo
535 3767 765 3812 consensurum.
787 3754 822 3812 ln
841 3751 928 3828 cujus
947 3751 992 3811 rei
1018 3749 1235 3822 testimonium,
1258 3749 1295 3810 ad
1319 3765 1424 3826 preces
1442 3751 1512 3812 dicti
1532 3753 1648 3826 militis,

239 3847 376 3927 sigillum
398 3854 537 3910 nostrum
558 3846 749 3926 presentibus
774 3845 880 3920 litteris
896 3846 1039 3916 duximus
1051 3845 1280 3924 apponendum.
1298 3846 1409 3906 Datum
1429 3863 1509 3906 anno
1528 3848 1649 3909 Domini
1747 3843 1750 3848 '

241 3951 285 4017 Μο
299 3948 358 4008 CC·
370 3941 640 4019 Lxxxnequnno,
656 3956 762 4002 mense
773 3939 864 4018 junii.
1570 3949 1571 3952 ’

480 4042 649 4127 (original.
663 4079 703 4090 -
719 4043 862 4109 creton
878 4044 921 4108 dn
941 4003 1056 4114 liddae,
1081 4012 1189 4106 Fontis
1210 4043 1246 4106 dc
1259 4040 1375 4124 l'e'pttce
1395 4043 1649 4125 rnc'tropolr'tniua

539 4142 574 4206 dc
585 4149 680 4238 lpott,
695 4134 833 4209 armoire
850 4141 946 4216 ellos,
961 4139 1081 4205 colurna
1096 4144 1145 4215 20,
1162 4141 1246 4222 pc'dce
1260 4153 1295 4204 ot
1308 4144 1369 4220 lo.)
