4314 6058
827 851 933 915 enices
956 849 1208 914 susurrum-rs.
1658 827 1719 910 287

302 985 414 1064 apponi
433 985 472 1048 ad
490 986 659 1067 dampnum
678 991 708 1048 et
724 983 926 1064 prejudicium
940 981 1065 1064 capituli
1086 989 1116 1046 et
1136 983 1263 1046 ecclesie
1281 981 1484 1046 evictandnm.
1504 983 1570 1056 Qua
1594 982 1721 1060 requisi·

304 1078 385 1143 tione
399 1081 478 1142 iacta
489 1087 524 1143 ut
537 1097 641 1160 supra,
658 1097 695 1144 ex
706 1086 791 1160 parte
801 1080 873 1143 dicti
885 1079 1001 1142 domini
1014 1079 1236 1158 archiepiscopi
1248 1085 1279 1141 et
1289 1079 1357 1159 ipso
1370 1083 1508 1158 presente
1517 1084 1548 1142 et
1555 1077 1720 1142 mandante

304 1192 485 1257 responsum
499 1177 558 1240 iuit
570 1178 684 1241 ibidem
701 1193 755 1256 per
770 1175 942 1256 pradictum
969 1175 1129 1238 dominum
1149 1178 1274 1238 Pctrnrn
1294 1174 1332 1237 do
1354 1174 1493 1237 calcibus
1517 1173 1600 1252 quod
1620 1173 1719 1236 dictus

305 1271 448 1335 dominus
468 1273 716 1354 archiepiscopus
736 1289 796 1336 non
812 1273 945 1336 babebat
965 1271 1009 1335 ibi
1028 1277 1125 1335 totum
1148 1271 1311 1334 consilium
1335 1286 1426 1333 suum
1446 1285 1502 1333 nac
1516 1269 1594 1333 bene
1618 1271 1719 1332 avisus

304 1373 368 1429 erat
382 1369 578 1448 respondere,
598 1371 651 1434 scd
671 1369 752 1449 quod
776 1371 825 1433 die
849 1370 921 1432 lune
941 1369 1072 1432 crastina
1096 1375 1214 1431 tantum
1234 1368 1418 1447 reponderet
1439 1366 1528 1430 dictis
1551 1365 1664 1428 decano
1688 1371 1719 1426 et

304 1460 438 1541 capituto
452 1479 546 1543 super
558 1465 715 1544 predictis,
732 1465 814 1545 quod
829 1465 887 1544 ipsi
903 1481 934 1528 se
949 1460 1093 1528 deberent
1111 1464 1223 1528 habere
1237 1479 1293 1544 pro
1315 1463 1476 1526 contentis.
1495 1465 1563 1538 Qua
1576 1475 1649 1523 varo
1668 1459 1719 1523 die

304 1554 385 1631 lunc,
396 1558 597 1628 eircaboram
606 1563 739 1636 terciam,
753 1561 919 1640 supradicti
929 1561 1062 1624 decanus
1072 1565 1101 1623 et
1111 1560 1248 1624 canonici
1263 1557 1718 1624 iterumaddictumdominum

304 1655 568 1736 archiepiscopum
594 1657 631 1718 nd
656 1658 769 1728 dictam
793 1658 919 1720 domum
943 1673 1031 1720 suam
1054 1663 1256 1732 accesserunt,
1275 1663 1306 1720 et
1326 1658 1358 1720 in
1380 1655 1537 1736 presencia
1556 1654 1620 1716 mai
1644 1649 1718 1717 dicti

304 1753 413 1814 notarii
439 1769 556 1816 necnon
582 1754 789 1834 predictorum
813 1754 1008 1818 dominorum
1034 1751 1159 1818 Joiiredi
1187 1753 1344 1819 doctore
1372 1758 1484 1828 Monte,
1511 1750 1650 1829 lingonis
1678 1750 1717 1812 de

304 1850 440 1928 Momay,
449 1857 479 1914 et
492 1850 688 1914 dominorum
700 1853 867 1915 Guicherdi
879 1852 977 1928 d’brz,
990 1859 1020 1915 et
1034 1852 1196 1916 Guiiieimi
1212 1853 1248 1915 dc
1258 1852 1388 1926 Viriaco,
1400 1851 1545 1924 militum,
1558 1847 1715 1911 Guiiieimi

271 1941 274 1944 ’
306 1945 458 2010 Benedicti
473 1947 510 2010 de
531 1949 654 2022 Boione,
672 1950 811 2028 Hugonis
831 1949 1011 2022 Chancbati,
1035 1947 1226 2028 publicorum
1246 1941 1424 2011 auctoritate
1444 1945 1610 2026 apostolica
1627 1949 1716 2006 nota-
1784 2031 1787 2036 ἱ

303 2043 430 2120 riorum,
446 2046 583 2125 magistri
602 2048 753 2110 Jobannis
769 2048 915 2127 Pupcnis,
933 2045 1138 2109 Beitboiomei
1154 2046 1304 2120 Guerrici,
1323 2046 1513 2118 clericorum,
1530 2049 1561 2105 et
1578 2042 1716 2122 plurium

303 2139 433 2202 siiorunr
451 2139 489 2203 ed
508 2141 567 2204 hoc
589 2159 645 2222 pro
666 2143 793 2206 testibus
808 2150 994 2222 rogatorum,
1015 2143 1170 2222 predictus
1188 2141 1331 2230 dominus
1349 2139 1547 2213 (dubiumne,
1569 2137 1713 2214 decanus,

303 2237 426 2299 nomine
445 2253 507 2317 quo
525 2256 633 2319 supra,
653 2239 812 2318 requisivit
830 2240 943 2302 dictum
962 2238 1122 2302 dominum
1149 2239 1415 2318 archiepiscopum
1435 2236 1518 2316 quod
1537 2235 1648 2298 iaceret
1670 2235 1715 2298 cis

302 2321 533 2412 responsionem
545 2336 707 2414 superbiis
720 2351 780 2415 que
792 2336 927 2415 predicta
941 2335 989 2399 dic
999 2336 1152 2398 dominica
1166 2335 1337 2414 procedenti
1349 2333 1573 2413 requisiverant
1583 2331 1621 2397 ab
1635 2333 1713 2413 ipso,

302 2437 331 2491 et
342 2430 454 2493 dictam
464 2433 694 2510 requisitionem
710 2449 797 2494 suam
811 2438 841 2494 et
851 2432 911 2494 aiio
925 2448 985 2512 que
997 2431 1080 2494 dicta
1098 2431 1148 2494 die
1166 2431 1318 2494 dominica
1332 2431 1448 2494 dixerat
1466 2431 1591 2510 repcciit
1602 2429 1716 2493 ibidem

302 2534 335 2590 ut
352 2545 446 2608 supra
460 2529 663 2591 continentur.
678 2529 723 2593 nd
738 2529 820 2609 quod
835 2545 873 2592 ex
891 2537 976 2610 parte
988 2529 1060 2592 dicti
1070 2530 1186 2593 domini
1202 2529 1424 2608 archiepiscopi
1440 2534 1470 2590 ct
1490 2529 1558 2608 ipso
1576 2533 1716 2608 presente
1729 2551 1736 2559 ·

303 2629 332 2685 ct
345 2623 509 2688 mandante
528 2641 710 2706 responsum
725 2627 781 2689 iuit
795 2643 849 2706 per
863 2627 1022 2690 dominum
1037 2627 1241 2690 Humbcrtum
1257 2624 1294 2689 de
1309 2623 1459 2700 vallibus,
1478 2622 1581 2702 legum
1595 2624 1717 2702 proies-

302 2735 413 2794 sopem,
429 2721 511 2800 quod
524 2723 606 2786 idcrn
623 2721 765 2786 dominns
778 2723 1025 2804 archiepiscopus
1045 2723 1176 2786 babebat
1196 2728 1348 2800 tempusa
1364 2720 1433 2798 J'ure
1453 2718 1617 2781 limitatum
1635 2719 1717 2780 inim

303 2813 386 2894 quod
400 2831 462 2879 non
472 2825 592 2898 poterat
607 2835 662 2881 nec
676 2818 805 2894 debebat
815 2819 957 2900 compelli
970 2821 1069 2884 iacere
1080 2817 1125 2882 rel
1141 2820 1213 2882 dare
1226 2819 1347 2897 copiam
1360 2816 1577 2897 predictorum,
1594 2819 1625 2877 et
1635 2814 1716 2876 infra
1784 2861 1788 2870 .

304 2911 419 2975 dictum
441 2918 561 2994 tempus
579 2929 633 2976 seu
655 2914 769 2978 dictum
789 2917 955 2978 terminum
979 2917 1060 2979 idem
1077 2916 1219 2979 dominus
1234 2913 1488 2993 archiepiscopus.
1506 2912 1616 2974 iaceret
1640 2911 1716 2991 ipsis
1748 2959 1751 2966 .

304 3009 417 3072 decano
432 3016 461 3072 et
473 3011 606 3091 copimto
627 3011 774 3091 quicquid
793 3019 881 3087 esset,
893 3013 1025 3076 racionis
1039 3021 1070 3076 et
1082 3013 1113 3076 id
1128 3011 1211 3093 qnod
1225 3011 1324 3076 iacere
1340 3009 1474 3083 deberet,
1494 3009 1537 3071 ita
1550 3007 1632 3088 quod
1643 3007 1716 3072 indo

304 3121 365 3166 non
377 3105 502 3168 deberet
518 3108 679 3184 increpari.
701 3111 774 3171 Acta
789 3108 912 3172 fuerunt
929 3116 959 3172 et
979 3111 1058 3174 dicta
1080 3099 1216 3190 predicto
1240 3125 1331 3182 anno,
1352 3107 1460 3171 diebus
1477 3110 1508 3168 at
1524 3105 1715 3184 presentibus

305 3201 431 3264 testibus
444 3202 556 3281 quibus
572 3219 675 3282 supra.

346 3299 448 3376 Etcgo
460 3299 612 3378 predictus
625 3301 782 3364 iohannes
796 3303 895 3375 Greci,
912 3303 1049 3365 notarius
1064 3293 1217 3382 pubiicus',
1234 3304 1451 3382 suprascriptis
1465 3303 1717 3381 requisitionibus

132 3419 139 3428 ·
223 3442 234 3451 .
305 3399 335 3454 et
352 3397 603 3475 responsionibus
619 3399 704 3460 iuctis
718 3405 752 3461 ut
767 3415 861 3478 supra
875 3416 1000 3479 presens
1017 3400 1071 3476 iui,
1085 3407 1115 3462 ct
1133 3402 1262 3480 presenti
1282 3401 1404 3480 pubiico
1427 3401 1631 3464 instrumento
1645 3400 1718 3463 indo

306 3491 384 3570 iacto
401 3507 494 3555 manu
516 3494 641 3572 propria
660 3495 837 3574 subscripsi,
857 3501 886 3557 et
904 3495 1026 3574 signum
1044 3511 1147 3560 meum
1172 3493 1296 3560 solitum
1315 3496 1444 3576 apposui
1463 3502 1598 3575 rogatus,
1622 3511 1715 3578 anno,

306 3585 424 3664 dicbus,
439 3589 505 3653 loco
515 3595 545 3652 et
556 3591 887 3669 presentibustestibus
901 3593 1175 3671 suprascriptis-
1188 3595 1235 3656 io.
1252 3593 1352 3657 Greci.
1438 3592 1443 3602 '

570 3759 574 3768 ,
669 3694 839 3780 (quc'ooi.
858 3730 899 3742 —
923 3694 1001 3762 Bibi.
1030 3696 1067 3760 de
1089 3696 1123 3763 tu
1147 3695 1221 3764 oilie
1246 3695 1405 3784 deipara,
1428 3695 1592 3766 collection
1614 3707 1737 3783 Ceste„
1793 3699 1799 3706 '

765 3801 877 3858 cortou
898 3799 931 3867 B,
949 3795 1090 3858 o01557.
