<?xml version="1.0" encoding="UTF-8"?>
<!DOCTYPE html PUBLIC "-//W3C//DTD XHTML 1.0 Transitional//EN"
    "http://www.w3.org/TR/xhtml1/DTD/xhtml1-transitional.dtd">
<html xmlns="http://www.w3.org/1999/xhtml" xml:lang="en" lang="en">
 <head>
  <title>
</title>
<meta http-equiv="Content-Type" content="text/html;charset=utf-8" />
  <meta name='ocr-system' content='tesseract 3.04.00' />
  <meta name='ocr-capabilities' content='ocr_page ocr_carea ocr_par ocr_line ocrx_word'/>
</head>
<body>
  <div class='ocr_page' id='page_1' title='image "./obituariumlugdu00guiggoog_0181.png"; bbox 0 0 4300 6054; ppageno 0'>
   <div class='ocr_carea' id='block_1_1' title="bbox 484 721 1568 788">
    <p class='ocr_par' dir='ltr' id='par_1_1' title="bbox 484 721 1568 788">
     <span class='ocr_line' id='line_1_1' title="bbox 484 721 1568 788; baseline 0.002 -7"><span class='ocrx_word' id='word_1_1' title='bbox 484 723 540 782; x_wconf 86' lang='grc'><strong>434</strong></span> <span class='ocrx_word' id='word_1_2' title='bbox 805 737 972 788; x_wconf 80' lang='grc'><strong>4444444444</strong></span> <span class='ocrx_word' id='word_1_3' title='bbox 993 741 1032 788; x_wconf 82' lang='grc'><strong>44</strong></span> <span class='ocrx_word' id='word_1_4' title='bbox 1053 721 1188 788; x_wconf 83' lang='lat' dir='ltr'>n&#39;v&#39;nssvsn</span> <span class='ocrx_word' id='word_1_5' title='bbox 1209 737 1248 786; x_wconf 85' lang='lat' dir='ltr'><strong>nn</strong></span> <span class='ocrx_word' id='word_1_6' title='bbox 1269 735 1568 785; x_wconf 73' lang='lat' dir='ltr'>nvom—uomens.</span> 
     </span>
    </p>
   </div>
   <div class='ocr_carea' id='block_1_2' title="bbox 472 852 1898 2486">
    <p class='ocr_par' dir='ltr' id='par_1_2' title="bbox 472 852 1898 2486">
     <span class='ocr_line' id='line_1_2' title="bbox 481 852 1898 937; baseline -0.001 -19"><span class='ocrx_word' id='word_1_7' title='bbox 481 855 646 918; x_wconf 84' lang='grc'><strong>4444444444</strong></span> <span class='ocrx_word' id='word_1_8' title='bbox 657 861 688 918; x_wconf 86' lang='grc'><strong>44</strong></span> <span class='ocrx_word' id='word_1_9' title='bbox 701 853 865 934; x_wconf 81' lang='lat' dir='ltr'>adquisivit</span> <span class='ocrx_word' id='word_1_10' title='bbox 874 861 1105 937; x_wconf 83' lang='lat' dir='ltr'>prouentumet</span> <span class='ocrx_word' id='word_1_11' title='bbox 1117 855 1231 934; x_wconf 78' lang='lat' dir='ltr'>vigenti</span> <span class='ocrx_word' id='word_1_12' title='bbox 1242 852 1547 936; x_wconf 75' lang='lat' dir='ltr'>mareisargentiltl.</span> <span class='ocrx_word' id='word_1_13' title='bbox 1563 855 1600 916; x_wconf 84' lang='lat' dir='ltr'><strong>iit</strong></span> <span class='ocrx_word' id='word_1_14' title='bbox 1608 853 1723 918; x_wconf 88' lang='lat' dir='ltr'>ibidem</span> <span class='ocrx_word' id='word_1_15' title='bbox 1733 854 1765 918; x_wconf 92' lang='lat' dir='ltr'>in</span> <span class='ocrx_word' id='word_1_16' title='bbox 1774 855 1898 934; x_wconf 82' lang='lat' dir='ltr'>gageria</span> 
     </span>
     <span class='ocr_line' id='line_1_3' title="bbox 481 950 1896 1043; baseline 0 -29"><span class='ocrx_word' id='word_1_17' title='bbox 481 950 1061 1036; x_wconf 76' lang='grc'><strong>1444114144144414441444444,44411444(4),</strong></span> <span class='ocrx_word' id='word_1_18' title='bbox 1081 954 1305 1034; x_wconf 79' lang='lat' dir='ltr'>quadragenus</span> <span class='ocrx_word' id='word_1_19' title='bbox 1323 951 1419 1016; x_wconf 83' lang='lat' dir='ltr'>libras</span> <span class='ocrx_word' id='word_1_20' title='bbox 1434 952 1528 1026; x_wconf 83' lang='lat' dir='ltr'>misit,</span> <span class='ocrx_word' id='word_1_21' title='bbox 1546 951 1680 1032; x_wconf 82' lang='lat' dir='ltr'>capitolo</span> <span class='ocrx_word' id='word_1_22' title='bbox 1701 951 1896 1043; x_wconf 82' lang='lat' dir='ltr'>medietatem</span> 
     </span>
     <span class='ocr_line' id='line_1_4' title="bbox 480 1047 1896 1130; baseline -0.004 -16"><span class='ocrx_word' id='word_1_23' title='bbox 480 1049 684 1129; x_wconf 79' lang='lat' dir='ltr'>persolvente3</span> <span class='ocrx_word' id='word_1_24' title='bbox 698 1057 729 1114; x_wconf 88' lang='lat' dir='ltr'>et</span> <span class='ocrx_word' id='word_1_25' title='bbox 740 1049 887 1130; x_wconf 89' lang='lat' dir='ltr'>quioquid</span> <span class='ocrx_word' id='word_1_26' title='bbox 905 1051 1077 1116; x_wconf 84' lang='lat' dir='ltr'>Willslmus</span> <span class='ocrx_word' id='word_1_27' title='bbox 1095 1051 1133 1115; x_wconf 90' lang='lat' dir='ltr'>ds</span> <span class='ocrx_word' id='word_1_28' title='bbox 1149 1053 1263 1114; x_wconf 81' lang='lat' dir='ltr'>anaro</span> <span class='ocrx_word' id='word_1_29' title='bbox 1274 1049 1357 1130; x_wconf 82' lang='lat' dir='ltr'>apud</span> <span class='ocrx_word' id='word_1_30' title='bbox 1372 1049 1487 1114; x_wconf 80' lang='lat' dir='ltr'>Ansam</span> <span class='ocrx_word' id='word_1_31' title='bbox 1506 1047 1640 1112; x_wconf 86' lang='lat' dir='ltr'>babebat</span> <span class='ocrx_word' id='word_1_32' title='bbox 1662 1065 1719 1130; x_wconf 81' lang='lat' dir='ltr'><strong>pro</strong></span> <span class='ocrx_word' id='word_1_33' title='bbox 1732 1055 1857 1114; x_wconf 84' lang='lat' dir='ltr'>eentum</span> <span class='ocrx_word' id='word_1_34' title='bbox 1868 1055 1896 1110; x_wconf 87' lang='grc'><strong>44</strong></span> 
     </span>
     <span class='ocr_line' id='line_1_5' title="bbox 477 1145 1896 1228; baseline -0.001 -20"><span class='ocrx_word' id='word_1_35' title='bbox 477 1147 587 1226; x_wconf 89' lang='lat' dir='ltr'>viginti</span> <span class='ocrx_word' id='word_1_36' title='bbox 602 1147 737 1212; x_wconf 82' lang='lat' dir='ltr'>manebis</span> <span class='ocrx_word' id='word_1_37' title='bbox 753 1147 918 1228; x_wconf 72' lang='lat' dir='ltr'>adquisivit</span> <span class='ocrx_word' id='word_1_38' title='bbox 932 1146 984 1228; x_wconf 85' lang='grc'><strong>(3).</strong></span> <span class='ocrx_word' id='word_1_39' title='bbox 1001 1150 1078 1212; x_wconf 85' lang='lat' dir='ltr'>item</span> <span class='ocrx_word' id='word_1_40' title='bbox 1087 1147 1119 1210; x_wconf 93' lang='lat' dir='ltr'>in</span> <span class='ocrx_word' id='word_1_41' title='bbox 1135 1153 1300 1225; x_wconf 89' lang='lat' dir='ltr'>augmento</span> <span class='ocrx_word' id='word_1_42' title='bbox 1312 1145 1435 1226; x_wconf 83' lang='lat' dir='ltr'>gugevie</span> <span class='ocrx_word' id='word_1_43' title='bbox 1445 1145 1483 1208; x_wconf 89' lang='lat' dir='ltr'><strong>de</strong></span> <span class='ocrx_word' id='word_1_44' title='bbox 1495 1145 1610 1221; x_wconf 84' lang='grc'><strong>444444,</strong></span> <span class='ocrx_word' id='word_1_45' title='bbox 1627 1146 1658 1208; x_wconf 89' lang='grc'><strong>44</strong></span> <span class='ocrx_word' id='word_1_46' title='bbox 1673 1161 1736 1226; x_wconf 92' lang='lat' dir='ltr'><strong>quo</strong></span> <span class='ocrx_word' id='word_1_47' title='bbox 1751 1145 1896 1226; x_wconf 83' lang='lat' dir='ltr'>superad-</span> 
     </span>
     <span class='ocr_line' id='line_1_6' title="bbox 478 1243 1895 1323; baseline 0.002 -19"><span class='ocrx_word' id='word_1_48' title='bbox 478 1243 542 1306; x_wconf 84' lang='lat' dir='ltr'>dito</span> <span class='ocrx_word' id='word_1_49' title='bbox 552 1245 676 1306; x_wconf 85' lang='lat' dir='ltr'>inenunt</span> <span class='ocrx_word' id='word_1_50' title='bbox 689 1243 814 1306; x_wconf 85' lang='lat' dir='ltr'>leodum</span> <span class='ocrx_word' id='word_1_51' title='bbox 822 1244 968 1322; x_wconf 80' lang='lat' dir='ltr'>Aymonis</span> <span class='ocrx_word' id='word_1_52' title='bbox 978 1243 1016 1308; x_wconf 92' lang='lat' dir='ltr'><strong>de</strong></span> <span class='ocrx_word' id='word_1_53' title='bbox 1028 1244 1196 1307; x_wconf 86' lang='lat' dir='ltr'>Cbnstillon</span> <span class='ocrx_word' id='word_1_54' title='bbox 1207 1244 1240 1306; x_wconf 93' lang='lat' dir='ltr'>in</span> <span class='ocrx_word' id='word_1_55' title='bbox 1252 1244 1357 1308; x_wconf 87' lang='lat' dir='ltr'>eadem</span> <span class='ocrx_word' id='word_1_56' title='bbox 1368 1251 1467 1307; x_wconf 84' lang='grc'><strong>444444</strong></span> <span class='ocrx_word' id='word_1_57' title='bbox 1479 1250 1510 1308; x_wconf 91' lang='grc'><strong>44</strong></span> <span class='ocrx_word' id='word_1_58' title='bbox 1522 1244 1583 1306; x_wconf 86' lang='lat' dir='ltr'>alia</span> <span class='ocrx_word' id='word_1_59' title='bbox 1595 1243 1780 1308; x_wconf 83' lang='lat' dir='ltr'>ieodsextra</span> <span class='ocrx_word' id='word_1_60' title='bbox 1793 1245 1895 1323; x_wconf 87' lang='lat' dir='ltr'>ipsum</span> 
     </span>
     <span class='ocr_line' id='line_1_7' title="bbox 476 1339 1894 1420; baseline 0.001 -19"><span class='ocrx_word' id='word_1_61' title='bbox 476 1345 638 1404; x_wconf 84' lang='lat' dir='ltr'>castruma</span> <span class='ocrx_word' id='word_1_62' title='bbox 652 1339 837 1420; x_wconf 88' lang='lat' dir='ltr'>quibusdum</span> <span class='ocrx_word' id='word_1_63' title='bbox 850 1339 929 1416; x_wconf 83' lang='grc'><strong>41444,</strong></span> <span class='ocrx_word' id='word_1_64' title='bbox 941 1342 1117 1420; x_wconf 84' lang='lat' dir='ltr'>quaomnia</span> <span class='ocrx_word' id='word_1_65' title='bbox 1130 1341 1266 1405; x_wconf 82' lang='lat' dir='ltr'>erantde</span> <span class='ocrx_word' id='word_1_66' title='bbox 1279 1341 1417 1405; x_wconf 90' lang='lat' dir='ltr'>dominio</span> <span class='ocrx_word' id='word_1_67' title='bbox 1433 1339 1580 1420; x_wconf 79' lang='lat' dir='ltr'>bellijoci,</span> <span class='ocrx_word' id='word_1_68' title='bbox 1593 1340 1738 1404; x_wconf 85' lang='lat' dir='ltr'>dnoentas</span> <span class='ocrx_word' id='word_1_69' title='bbox 1752 1339 1894 1404; x_wconf 80' lang='lat' dir='ltr'>manebas</span> 
     </span>
     <span class='ocr_line' id='line_1_8' title="bbox 476 1435 1894 1520; baseline 0 -20"><span class='ocrx_word' id='word_1_70' title='bbox 476 1437 575 1511; x_wconf 74' lang='lat' dir='ltr'>misit,</span> <span class='ocrx_word' id='word_1_71' title='bbox 587 1435 720 1516; x_wconf 85' lang='lat' dir='ltr'>capitulo</span> <span class='ocrx_word' id='word_1_72' title='bbox 734 1437 930 1502; x_wconf 83' lang='lat' dir='ltr'>medietatem</span> <span class='ocrx_word' id='word_1_73' title='bbox 949 1435 1137 1518; x_wconf 80' lang='lat' dir='ltr'>persolvente</span> <span class='ocrx_word' id='word_1_74' title='bbox 1161 1439 1211 1520; x_wconf 86' lang='grc'><strong>(4).</strong></span> <span class='ocrx_word' id='word_1_75' title='bbox 1236 1441 1314 1502; x_wconf 86' lang='lat' dir='ltr'>Item</span> <span class='ocrx_word' id='word_1_76' title='bbox 1335 1439 1367 1501; x_wconf 95' lang='lat' dir='ltr'>in</span> <span class='ocrx_word' id='word_1_77' title='bbox 1385 1438 1509 1518; x_wconf 75' lang='lat' dir='ltr'>gageria</span> <span class='ocrx_word' id='word_1_78' title='bbox 1532 1435 1702 1501; x_wconf 79' lang='lat' dir='ltr'>Guinbundi</span> <span class='ocrx_word' id='word_1_79' title='bbox 1720 1439 1760 1502; x_wconf 91' lang='lat' dir='ltr'><strong>de</strong></span> <span class='ocrx_word' id='word_1_80' title='bbox 1781 1439 1894 1502; x_wconf 81' lang='lat' dir='ltr'>loonio</span> 
     </span>
     <span class='ocr_line' id='line_1_9' title="bbox 476 1529 1891 1616; baseline 0.002 -23"><span class='ocrx_word' id='word_1_81' title='bbox 476 1533 583 1612; x_wconf 89' lang='lat' dir='ltr'>viginti</span> <span class='ocrx_word' id='word_1_82' title='bbox 595 1529 680 1610; x_wconf 86' lang='lat' dir='ltr'>milia</span> <span class='ocrx_word' id='word_1_83' title='bbox 699 1533 868 1598; x_wconf 85' lang='lat' dir='ltr'>solidorum</span> <span class='ocrx_word' id='word_1_84' title='bbox 881 1535 965 1598; x_wconf 87' lang='lat' dir='ltr'>misit</span> <span class='ocrx_word' id='word_1_85' title='bbox 984 1533 1039 1616; x_wconf 73' lang='grc'><strong>(5).</strong></span> <span class='ocrx_word' id='word_1_86' title='bbox 1061 1535 1099 1598; x_wconf 84' lang='grc'><strong>114</strong></span> <span class='ocrx_word' id='word_1_87' title='bbox 1117 1535 1149 1598; x_wconf 95' lang='lat' dir='ltr'>in</span> <span class='ocrx_word' id='word_1_88' title='bbox 1167 1533 1373 1616; x_wconf 85' lang='lat' dir='ltr'>adquisitione</span> <span class='ocrx_word' id='word_1_89' title='bbox 1390 1535 1501 1598; x_wconf 90' lang='lat' dir='ltr'>domus</span> <span class='ocrx_word' id='word_1_90' title='bbox 1520 1533 1680 1598; x_wconf 84' lang='lat' dir='ltr'>Gnillelmi</span> <span class='ocrx_word' id='word_1_91' title='bbox 1702 1533 1742 1597; x_wconf 90' lang='lat' dir='ltr'><strong>de</strong></span> <span class='ocrx_word' id='word_1_92' title='bbox 1763 1537 1891 1608; x_wconf 79' lang='lat' dir='ltr'>Furens,</span> 
     </span>
     <span class='ocr_line' id='line_1_10' title="bbox 476 1629 1893 1712; baseline 0.001 -20"><span class='ocrx_word' id='word_1_93' title='bbox 476 1645 537 1710; x_wconf 88' lang='lat' dir='ltr'><strong>qne</strong></span> <span class='ocrx_word' id='word_1_94' title='bbox 551 1637 597 1694; x_wconf 86' lang='lat' dir='ltr'><strong>est</strong></span> <span class='ocrx_word' id='word_1_95' title='bbox 610 1635 680 1694; x_wconf 86' lang='lat' dir='ltr'>onte</span> <span class='ocrx_word' id='word_1_96' title='bbox 695 1637 815 1711; x_wconf 85' lang='lat' dir='ltr'>portum</span> <span class='ocrx_word' id='word_1_97' title='bbox 831 1630 955 1712; x_wconf 83' lang='lat' dir='ltr'>presidii</span> <span class='ocrx_word' id='word_1_98' title='bbox 968 1630 1005 1694; x_wconf 91' lang='lat' dir='ltr'><strong>de</strong></span> <span class='ocrx_word' id='word_1_99' title='bbox 1021 1631 1190 1710; x_wconf 79' lang='lat' dir='ltr'>Goyndveu,</span> <span class='ocrx_word' id='word_1_100' title='bbox 1204 1632 1311 1711; x_wconf 88' lang='lat' dir='ltr'>viginti</span> <span class='ocrx_word' id='word_1_101' title='bbox 1324 1629 1419 1695; x_wconf 81' lang='lat' dir='ltr'>libras</span> <span class='ocrx_word' id='word_1_102' title='bbox 1439 1631 1652 1694; x_wconf 90' lang='lat' dir='ltr'>viennensium</span> <span class='ocrx_word' id='word_1_103' title='bbox 1666 1631 1762 1696; x_wconf 89' lang='lat' dir='ltr'>misit.</span> <span class='ocrx_word' id='word_1_104' title='bbox 1780 1633 1893 1695; x_wconf 82' lang='grc'><strong>11444444</strong></span> 
     </span>
     <span class='ocr_line' id='line_1_11' title="bbox 476 1725 1890 1808; baseline 0.003 -22"><span class='ocrx_word' id='word_1_105' title='bbox 476 1727 568 1792; x_wconf 83' lang='lat' dir='ltr'>stiam</span> <span class='ocrx_word' id='word_1_106' title='bbox 580 1727 819 1792; x_wconf 88' lang='lat' dir='ltr'>Pannonanobos</span> <span class='ocrx_word' id='word_1_107' title='bbox 835 1729 933 1808; x_wconf 81' lang='lat' dir='ltr'>pretio</span> <span class='ocrx_word' id='word_1_108' title='bbox 946 1735 1070 1792; x_wconf 85' lang='lat' dir='ltr'>centum</span> <span class='ocrx_word' id='word_1_109' title='bbox 1085 1725 1236 1792; x_wconf 79' lang='lat' dir='ltr'>librarum</span> <span class='ocrx_word' id='word_1_110' title='bbox 1245 1729 1457 1792; x_wconf 86' lang='lat' dir='ltr'>viennensium</span> <span class='ocrx_word' id='word_1_111' title='bbox 1473 1728 1635 1808; x_wconf 81' lang='lat' dir='ltr'>aequisivit</span> <span class='ocrx_word' id='word_1_112' title='bbox 1647 1733 1678 1792; x_wconf 91' lang='lat' dir='ltr'>et</span> <span class='ocrx_word' id='word_1_113' title='bbox 1695 1729 1890 1792; x_wconf 83' lang='lat' dir='ltr'>reedificavit.</span> 
     </span>
     <span class='ocr_line' id='line_1_12' title="bbox 475 1823 1889 1905; baseline 0.003 -20"><span class='ocrx_word' id='word_1_114' title='bbox 475 1826 601 1886; x_wconf 83' lang='lat' dir='ltr'>Terram</span> <span class='ocrx_word' id='word_1_115' title='bbox 615 1839 737 1904; x_wconf 84' lang='lat' dir='ltr'>quoque</span> <span class='ocrx_word' id='word_1_116' title='bbox 747 1823 828 1888; x_wconf 80' lang='lat' dir='ltr'>Petri</span> <span class='ocrx_word' id='word_1_117' title='bbox 841 1823 941 1888; x_wconf 81' lang='grc'><strong>444444</strong></span> <span class='ocrx_word' id='word_1_118' title='bbox 955 1823 1053 1903; x_wconf 82' lang='lat' dir='ltr'>pretio</span> <span class='ocrx_word' id='word_1_119' title='bbox 1068 1825 1153 1888; x_wconf 83' lang='lat' dir='ltr'>mille</span> <span class='ocrx_word' id='word_1_120' title='bbox 1166 1824 1335 1888; x_wconf 83' lang='lat' dir='ltr'>solidorum</span> <span class='ocrx_word' id='word_1_121' title='bbox 1352 1825 1566 1888; x_wconf 86' lang='lat' dir='ltr'>viennensium</span> <span class='ocrx_word' id='word_1_122' title='bbox 1581 1823 1696 1888; x_wconf 89' lang='lat' dir='ltr'>ibidem</span> <span class='ocrx_word' id='word_1_123' title='bbox 1715 1825 1889 1905; x_wconf 86' lang='lat' dir='ltr'>adquisivit.</span> 
     </span>
     <span class='ocr_line' id='line_1_13' title="bbox 473 1918 1891 2002; baseline 0.001 -20"><span class='ocrx_word' id='word_1_124' title='bbox 473 1920 1014 1986; x_wconf 81' lang='grc'><strong>1144444444414441444444444414444</strong></span> <span class='ocrx_word' id='word_1_125' title='bbox 1030 1923 1128 2000; x_wconf 85' lang='lat' dir='ltr'>pretio</span> <span class='ocrx_word' id='word_1_126' title='bbox 1142 1927 1264 1985; x_wconf 83' lang='lat' dir='ltr'>eentum</span> <span class='ocrx_word' id='word_1_127' title='bbox 1276 1918 1427 1985; x_wconf 80' lang='lat' dir='ltr'>librarum</span> <span class='ocrx_word' id='word_1_128' title='bbox 1441 1920 1653 1985; x_wconf 88' lang='lat' dir='ltr'>viennensium</span> <span class='ocrx_word' id='word_1_129' title='bbox 1670 1921 1846 2002; x_wconf 87' lang='lat' dir='ltr'>adquisivit,</span> <span class='ocrx_word' id='word_1_130' title='bbox 1863 1933 1891 1986; x_wconf 86' lang='grc'><strong>44</strong></span> 
     </span>
     <span class='ocr_line' id='line_1_14' title="bbox 473 2017 1891 2104; baseline 0.002 -25"><span class='ocrx_word' id='word_1_131' title='bbox 473 2021 644 2098; x_wconf 81' lang='lat' dir='ltr'>tresnariae</span> <span class='ocrx_word' id='word_1_132' title='bbox 657 2017 740 2082; x_wconf 86' lang='lat' dir='ltr'>turni</span> <span class='ocrx_word' id='word_1_133' title='bbox 751 2033 807 2097; x_wconf 83' lang='lat' dir='ltr'><strong>pro</strong></span> <span class='ocrx_word' id='word_1_134' title='bbox 818 2018 915 2082; x_wconf 84' lang='lat' dir='ltr'>tribus</span> <span class='ocrx_word' id='word_1_135' title='bbox 928 2017 1055 2082; x_wconf 89' lang='lat' dir='ltr'>milibus</span> <span class='ocrx_word' id='word_1_136' title='bbox 1071 2017 1251 2082; x_wconf 81' lang='lat' dir='ltr'>solidorum.</span> <span class='ocrx_word' id='word_1_137' title='bbox 1272 2021 1308 2081; x_wconf 92' lang='lat' dir='ltr'><strong>ln</strong></span> <span class='ocrx_word' id='word_1_138' title='bbox 1325 2017 1460 2097; x_wconf 85' lang='lat' dir='ltr'>gagevia,</span> <span class='ocrx_word' id='word_1_139' title='bbox 1474 2031 1567 2097; x_wconf 84' lang='lat' dir='ltr'>quam</span> <span class='ocrx_word' id='word_1_140' title='bbox 1586 2017 1719 2082; x_wconf 90' lang='lat' dir='ltr'>habebat</span> <span class='ocrx_word' id='word_1_141' title='bbox 1729 2020 1858 2104; x_wconf 80' lang='grc'><strong>44444444</strong></span> <span class='ocrx_word' id='word_1_142' title='bbox 1874 2039 1891 2082; x_wconf 91' lang='lat' dir='ltr'>a</span> 
     </span>
     <span class='ocr_line' id='line_1_15' title="bbox 474 2112 1888 2196; baseline 0.001 -20"><span class='ocrx_word' id='word_1_143' title='bbox 474 2115 613 2193; x_wconf 86' lang='lat' dir='ltr'>Golgone</span> <span class='ocrx_word' id='word_1_144' title='bbox 626 2115 664 2178; x_wconf 87' lang='lat' dir='ltr'>ds</span> <span class='ocrx_word' id='word_1_145' title='bbox 680 2114 779 2178; x_wconf 83' lang='grc'><strong>144444</strong></span> <span class='ocrx_word' id='word_1_146' title='bbox 802 2112 841 2196; x_wconf 88' lang='grc'><strong>(6)</strong></span> <span class='ocrx_word' id='word_1_147' title='bbox 864 2113 947 2194; x_wconf 83' lang='lat' dir='ltr'>apud</span> <span class='ocrx_word' id='word_1_148' title='bbox 968 2113 1142 2177; x_wconf 78' lang='lat' dir='ltr'>chavannai</span> <span class='ocrx_word' id='word_1_149' title='bbox 1162 2113 1213 2196; x_wconf 84' lang='grc'><strong>(7),</strong></span> <span class='ocrx_word' id='word_1_150' title='bbox 1230 2120 1353 2178; x_wconf 85' lang='lat' dir='ltr'>eentum</span> <span class='ocrx_word' id='word_1_151' title='bbox 1376 2113 1518 2176; x_wconf 83' lang='lat' dir='ltr'>manebas</span> <span class='ocrx_word' id='word_1_152' title='bbox 1538 2113 1632 2178; x_wconf 85' lang='lat' dir='ltr'>misit.</span> <span class='ocrx_word' id='word_1_153' title='bbox 1650 2115 1686 2176; x_wconf 86' lang='grc'><strong>444</strong></span> <span class='ocrx_word' id='word_1_154' title='bbox 1701 2115 1732 2176; x_wconf 93' lang='lat' dir='ltr'>in</span> <span class='ocrx_word' id='word_1_155' title='bbox 1753 2115 1888 2194; x_wconf 82' lang='lat' dir='ltr'>gageria,</span> 
     </span>
     <span class='ocr_line' id='line_1_16' title="bbox 473 2209 1890 2292; baseline 0.003 -18"><span class='ocrx_word' id='word_1_156' title='bbox 473 2227 569 2291; x_wconf 88' lang='lat' dir='ltr'>quam</span> <span class='ocrx_word' id='word_1_157' title='bbox 591 2211 708 2292; x_wconf 83' lang='lat' dir='ltr'>sucepit</span> <span class='ocrx_word' id='word_1_158' title='bbox 729 2227 746 2274; x_wconf 90' lang='lat' dir='ltr'>a</span> <span class='ocrx_word' id='word_1_159' title='bbox 775 2209 908 2274; x_wconf 84' lang='lat' dir='ltr'>Fuloone</span> <span class='ocrx_word' id='word_1_160' title='bbox 923 2215 954 2274; x_wconf 90' lang='lat' dir='ltr'>ot</span> <span class='ocrx_word' id='word_1_161' title='bbox 974 2211 1099 2288; x_wconf 83' lang='lat' dir='ltr'>otgerio</span> <span class='ocrx_word' id='word_1_162' title='bbox 1114 2211 1276 2291; x_wconf 81' lang='lat' dir='ltr'>d’dmnoys</span> <span class='ocrx_word' id='word_1_163' title='bbox 1297 2209 1349 2292; x_wconf 85' lang='grc'><strong>(8),</strong></span> <span class='ocrx_word' id='word_1_164' title='bbox 1365 2211 1521 2287; x_wconf 78' lang='lat' dir='ltr'>iratribus,</span> <span class='ocrx_word' id='word_1_165' title='bbox 1539 2211 1599 2274; x_wconf 82' lang='grc'><strong>4444</strong></span> <span class='ocrx_word' id='word_1_166' title='bbox 1617 2209 1704 2276; x_wconf 90' lang='lat' dir='ltr'>milia</span> <span class='ocrx_word' id='word_1_167' title='bbox 1724 2213 1890 2278; x_wconf 83' lang='lat' dir='ltr'>solidorum</span> 
     </span>
     <span class='ocr_line' id='line_1_17' title="bbox 473 2305 1889 2387; baseline 0.004 -16"><span class='ocrx_word' id='word_1_168' title='bbox 473 2309 570 2371; x_wconf 90' lang='lat' dir='ltr'>misit.</span> <span class='ocrx_word' id='word_1_169' title='bbox 590 2309 668 2372; x_wconf 90' lang='lat' dir='ltr'>Item</span> <span class='ocrx_word' id='word_1_170' title='bbox 686 2305 769 2387; x_wconf 87' lang='lat' dir='ltr'>apud</span> <span class='ocrx_word' id='word_1_171' title='bbox 789 2309 952 2381; x_wconf 82' lang='lat' dir='ltr'>Tomenta</span> <span class='ocrx_word' id='word_1_172' title='bbox 972 2307 1112 2384; x_wconf 85' lang='lat' dir='ltr'>Guignue</span> <span class='ocrx_word' id='word_1_173' title='bbox 1125 2307 1164 2369; x_wconf 92' lang='lat' dir='ltr'><strong>de</strong></span> <span class='ocrx_word' id='word_1_174' title='bbox 1180 2307 1295 2370; x_wconf 83' lang='lat' dir='ltr'>Yoonio</span> <span class='ocrx_word' id='word_1_175' title='bbox 1315 2312 1348 2369; x_wconf 90' lang='lat' dir='ltr'>ot</span> <span class='ocrx_word' id='word_1_176' title='bbox 1369 2307 1526 2370; x_wconf 87' lang='lat' dir='ltr'>willelmo</span> <span class='ocrx_word' id='word_1_177' title='bbox 1546 2306 1712 2374; x_wconf 79' lang='lat' dir='ltr'>de&#39;lararo</span> <span class='ocrx_word' id='word_1_178' title='bbox 1729 2309 1889 2376; x_wconf 89' lang='lat' dir='ltr'>dimidiam</span> 
     </span>
     <span class='ocr_line' id='line_1_18' title="bbox 472 2400 1888 2486; baseline 0.002 -18"><span class='ocrx_word' id='word_1_179' title='bbox 472 2405 599 2484; x_wconf 82' lang='lat' dir='ltr'>gandam</span> <span class='ocrx_word' id='word_1_180' title='bbox 610 2403 648 2467; x_wconf 89' lang='lat' dir='ltr'><strong>do</strong></span> <span class='ocrx_word' id='word_1_181' title='bbox 662 2406 772 2467; x_wconf 87' lang='lat' dir='ltr'>Sanoto</span> <span class='ocrx_word' id='word_1_182' title='bbox 784 2406 902 2468; x_wconf 83' lang='grc'><strong>14444444</strong></span> <span class='ocrx_word' id='word_1_183' title='bbox 918 2401 956 2484; x_wconf 84' lang='grc'><strong>(9)</strong></span> <span class='ocrx_word' id='word_1_184' title='bbox 970 2418 1026 2482; x_wconf 82' lang='lat' dir='ltr'><strong>pro</strong></span> <span class='ocrx_word' id='word_1_185' title='bbox 1048 2400 1134 2466; x_wconf 83' lang='lat' dir='ltr'>mille</span> <span class='ocrx_word' id='word_1_186' title='bbox 1145 2401 1251 2466; x_wconf 88' lang='lat' dir='ltr'>solidis</span> <span class='ocrx_word' id='word_1_187' title='bbox 1266 2401 1436 2482; x_wconf 84' lang='lat' dir='ltr'>aequisivit.</span> <span class='ocrx_word' id='word_1_188' title='bbox 1453 2403 1538 2466; x_wconf 84' lang='grc'><strong>41444</strong></span> <span class='ocrx_word' id='word_1_189' title='bbox 1550 2403 1671 2482; x_wconf 82' lang='lat' dir='ltr'>gardas,</span> <span class='ocrx_word' id='word_1_190' title='bbox 1688 2422 1765 2486; x_wconf 87' lang='lat' dir='ltr'>quus</span> <span class='ocrx_word' id='word_1_191' title='bbox 1777 2407 1888 2472; x_wconf 81' lang='lat' dir='ltr'>Alben-</span> 
     </span>
    </p>
   </div>
   <div class='ocr_carea' id='block_1_3' title="bbox 1905 751 1933 788">
    <p class='ocr_par' dir='ltr' id='par_1_3' title="bbox 1905 751 1933 788">
     <span class='ocr_line' id='line_1_19' title="bbox 1905 751 1933 788; baseline 0 0"><span class='ocrx_word' id='word_1_192' title='bbox 1905 751 1933 788; x_wconf 68' lang='grc' dir='ltr'><strong><em>Ι</em></strong></span> 
     </span>
    </p>
   </div>
   <div class='ocr_carea' id='block_1_4' title="bbox 470 2497 1924 2588">
    <p class='ocr_par' dir='ltr' id='par_1_4' title="bbox 470 2497 1924 2588">
     <span class='ocr_line' id='line_1_20' title="bbox 470 2497 1924 2588; baseline 0.001 -24"><span class='ocrx_word' id='word_1_193' title='bbox 470 2511 520 2567; x_wconf 85' lang='grc'><strong>444</strong></span> <span class='ocrx_word' id='word_1_194' title='bbox 532 2503 570 2566; x_wconf 90' lang='lat' dir='ltr'><strong>de</strong></span> <span class='ocrx_word' id='word_1_195' title='bbox 584 2503 674 2566; x_wconf 85' lang='lat' dir='ltr'>Tiseu</span> <span class='ocrx_word' id='word_1_196' title='bbox 690 2501 805 2564; x_wconf 88' lang='lat' dir='ltr'>ibidem</span> <span class='ocrx_word' id='word_1_197' title='bbox 819 2501 962 2574; x_wconf 85' lang='lat' dir='ltr'>babebat,</span> <span class='ocrx_word' id='word_1_198' title='bbox 979 2517 1035 2580; x_wconf 84' lang='lat' dir='ltr'><strong>pro</strong></span> <span class='ocrx_word' id='word_1_199' title='bbox 1048 2501 1153 2579; x_wconf 89' lang='lat' dir='ltr'>viginti</span> <span class='ocrx_word' id='word_1_200' title='bbox 1164 2497 1344 2564; x_wconf 85' lang='lat' dir='ltr'>libvisemit.</span> <span class='ocrx_word' id='word_1_201' title='bbox 1356 2497 1526 2580; x_wconf 71' lang='lat' dir='ltr'>inquisivit</span> <span class='ocrx_word' id='word_1_202' title='bbox 1537 2500 1635 2564; x_wconf 86' lang='lat' dir='ltr'>oolam</span> <span class='ocrx_word' id='word_1_203' title='bbox 1647 2501 1685 2566; x_wconf 87' lang='lat' dir='ltr'><strong>ad</strong></span> <span class='ocrx_word' id='word_1_204' title='bbox 1700 2501 1885 2580; x_wconf 75' lang='lat' dir='ltr'>lignonede</span> <span class='ocrx_word' id='word_1_205' title='bbox 1918 2575 1924 2588; x_wconf 49' lang='grc'>,</span> 
     </span>
    </p>
   </div>
   <div class='ocr_carea' id='block_1_5' title="bbox 468 2594 1888 3068">
    <p class='ocr_par' dir='ltr' id='par_1_5' title="bbox 468 2594 1888 3068">
     <span class='ocr_line' id='line_1_21' title="bbox 470 2594 1888 2679; baseline -0.001 -14"><span class='ocrx_word' id='word_1_206' title='bbox 470 2601 574 2665; x_wconf 88' lang='grc'><strong>444444</strong></span> <span class='ocrx_word' id='word_1_207' title='bbox 587 2598 782 2662; x_wconf 85' lang='lat' dir='ltr'>medietatem</span> <span class='ocrx_word' id='word_1_208' title='bbox 796 2596 890 2676; x_wconf 86' lang='lat' dir='ltr'>gande</span> <span class='ocrx_word' id='word_1_209' title='bbox 905 2611 1000 2676; x_wconf 88' lang='lat' dir='ltr'>quam</span> <span class='ocrx_word' id='word_1_210' title='bbox 1017 2597 1150 2660; x_wconf 82' lang='lat' dir='ltr'>babebat</span> <span class='ocrx_word' id='word_1_211' title='bbox 1164 2597 1197 2659; x_wconf 94' lang='lat' dir='ltr'>in</span> <span class='ocrx_word' id='word_1_212' title='bbox 1211 2596 1368 2675; x_wconf 77' lang='lat' dir='ltr'>cymitevio</span> <span class='ocrx_word' id='word_1_213' title='bbox 1380 2595 1419 2659; x_wconf 87' lang='lat' dir='ltr'><strong>da</strong></span> <span class='ocrx_word' id='word_1_214' title='bbox 1431 2594 1602 2678; x_wconf 74' lang='lat' dir='ltr'>cbaoollay.</span> <span class='ocrx_word' id='word_1_215' title='bbox 1619 2599 1696 2662; x_wconf 82' lang='lat' dir='ltr'>Item</span> <span class='ocrx_word' id='word_1_216' title='bbox 1714 2600 1797 2679; x_wconf 85' lang='lat' dir='ltr'>apud</span> <span class='ocrx_word' id='word_1_217' title='bbox 1813 2603 1888 2664; x_wconf 76' lang='lat' dir='ltr'>ise-</span> 
     </span>
     <span class='ocr_line' id='line_1_22' title="bbox 468 2692 1881 2778; baseline -0.001 -15"><span class='ocrx_word' id='word_1_218' title='bbox 468 2715 576 2763; x_wconf 81' lang='lat' dir='ltr'>nonem</span> <span class='ocrx_word' id='word_1_219' title='bbox 587 2699 609 2778; x_wconf 95' lang='grc'><strong>(4</strong></span> <span class='ocrx_word' id='word_1_220' title='bbox 618 2696 645 2778; x_wconf 91' lang='grc'><strong>41)</strong></span> <span class='ocrx_word' id='word_1_221' title='bbox 661 2700 802 2778; x_wconf 89' lang='lat' dir='ltr'>quartam</span> <span class='ocrx_word' id='word_1_222' title='bbox 815 2700 933 2774; x_wconf 85' lang='lat' dir='ltr'>partem</span> <span class='ocrx_word' id='word_1_223' title='bbox 948 2693 1044 2756; x_wconf 85' lang='grc'><strong>1444444</strong></span> <span class='ocrx_word' id='word_1_224' title='bbox 1052 2692 1181 2755; x_wconf 91' lang='lat' dir='ltr'>dominii</span> <span class='ocrx_word' id='word_1_225' title='bbox 1196 2699 1258 2755; x_wconf 86' lang='lat' dir='ltr'>tam</span> <span class='ocrx_word' id='word_1_226' title='bbox 1273 2692 1304 2754; x_wconf 91' lang='lat' dir='ltr'>in</span> <span class='ocrx_word' id='word_1_227' title='bbox 1317 2693 1383 2772; x_wconf 85' lang='lat' dir='ltr'>ipso</span> <span class='ocrx_word' id='word_1_228' title='bbox 1397 2699 1496 2755; x_wconf 84' lang='lat' dir='ltr'>osstno</span> <span class='ocrx_word' id='word_1_229' title='bbox 1508 2709 1602 2774; x_wconf 89' lang='lat' dir='ltr'>qnam</span> <span class='ocrx_word' id='word_1_230' title='bbox 1613 2693 1644 2757; x_wconf 94' lang='lat' dir='ltr'>in</span> <span class='ocrx_word' id='word_1_231' title='bbox 1655 2695 1881 2772; x_wconf 84' lang='lat' dir='ltr'>mandamento,</span> 
     </span>
     <span class='ocr_line' id='line_1_23' title="bbox 469 2787 1885 2872; baseline -0.002 -11"><span class='ocrx_word' id='word_1_232' title='bbox 469 2817 487 2860; x_wconf 89' lang='lat' dir='ltr'>s</span> <span class='ocrx_word' id='word_1_233' title='bbox 507 2797 614 2860; x_wconf 85' lang='lat' dir='ltr'>Girino</span> <span class='ocrx_word' id='word_1_234' title='bbox 629 2793 667 2856; x_wconf 90' lang='lat' dir='ltr'><strong>de</strong></span> <span class='ocrx_word' id='word_1_235' title='bbox 689 2789 740 2856; x_wconf 84' lang='lat' dir='ltr'><strong>Sal</strong></span> <span class='ocrx_word' id='word_1_236' title='bbox 764 2791 842 2872; x_wconf 92' lang='grc'><strong>(44),</strong></span> <span class='ocrx_word' id='word_1_237' title='bbox 864 2789 1022 2864; x_wconf 85' lang='grc'><strong>44444444,</strong></span> <span class='ocrx_word' id='word_1_238' title='bbox 1041 2787 1238 2867; x_wconf 77' lang='lat' dir='ltr'>lugdunensi</span> <span class='ocrx_word' id='word_1_239' title='bbox 1261 2787 1389 2852; x_wconf 85' lang='lat' dir='ltr'>eoeleste</span> <span class='ocrx_word' id='word_1_240' title='bbox 1406 2803 1596 2862; x_wconf 82' lang='grc'><strong>4444444444,</strong></span> <span class='ocrx_word' id='word_1_241' title='bbox 1614 2789 1653 2853; x_wconf 86' lang='lat' dir='ltr'><strong>de</strong></span> <span class='ocrx_word' id='word_1_242' title='bbox 1675 2791 1762 2855; x_wconf 91' lang='lat' dir='ltr'>mille</span> <span class='ocrx_word' id='word_1_243' title='bbox 1780 2794 1885 2858; x_wconf 90' lang='lat' dir='ltr'>solidis</span> 
     </span>
     <span class='ocr_line' id='line_1_24' title="bbox 469 2883 1887 2968; baseline -0.002 -11"><span class='ocrx_word' id='word_1_244' title='bbox 469 2893 616 2964; x_wconf 84' lang='lat' dir='ltr'>redemit;</span> <span class='ocrx_word' id='word_1_245' title='bbox 633 2889 726 2952; x_wconf 88' lang='lat' dir='ltr'>aliam</span> <span class='ocrx_word' id='word_1_246' title='bbox 738 2891 879 2967; x_wconf 85' lang='lat' dir='ltr'>quantam</span> <span class='ocrx_word' id='word_1_247' title='bbox 893 2891 1039 2966; x_wconf 83' lang='lat' dir='ltr'>pentoma</span> <span class='ocrx_word' id='word_1_248' title='bbox 1053 2885 1177 2948; x_wconf 87' lang='lat' dir='ltr'>domina</span> <span class='ocrx_word' id='word_1_249' title='bbox 1187 2885 1300 2948; x_wconf 77' lang='lat' dir='ltr'>blanau</span> <span class='ocrx_word' id='word_1_250' title='bbox 1317 2883 1354 2948; x_wconf 87' lang='lat' dir='ltr'><strong>de</strong></span> <span class='ocrx_word' id='word_1_251' title='bbox 1369 2887 1552 2964; x_wconf 83' lang='lat' dir='ltr'>blonlagnou</span> <span class='ocrx_word' id='word_1_252' title='bbox 1567 2885 1590 2968; x_wconf 93' lang='grc'><strong>(4</strong></span> <span class='ocrx_word' id='word_1_253' title='bbox 1598 2887 1638 2964; x_wconf 69' lang='lat' dir='ltr'><strong>bl,</strong></span> <span class='ocrx_word' id='word_1_254' title='bbox 1654 2903 1710 2967; x_wconf 81' lang='lat' dir='ltr'><strong>pro</strong></span> <span class='ocrx_word' id='word_1_255' title='bbox 1724 2895 1847 2954; x_wconf 84' lang='lat' dir='ltr'>eentum</span> <span class='ocrx_word' id='word_1_256' title='bbox 1857 2899 1887 2954; x_wconf 87' lang='lat' dir='ltr'>et</span> 
     </span>
     <span class='ocr_line' id='line_1_25' title="bbox 469 2981 1883 3068; baseline -0.001 -18"><span class='ocrx_word' id='word_1_257' title='bbox 469 2988 576 3068; x_wconf 90' lang='lat' dir='ltr'>viginti</span> <span class='ocrx_word' id='word_1_258' title='bbox 595 2985 683 3049; x_wconf 81' lang='lat' dir='ltr'>libais</span> <span class='ocrx_word' id='word_1_259' title='bbox 699 2983 869 3062; x_wconf 86' lang='lat' dir='ltr'>aequisivit,</span> <span class='ocrx_word' id='word_1_260' title='bbox 889 2981 995 3060; x_wconf 89' lang='lat' dir='ltr'>ibique</span> <span class='ocrx_word' id='word_1_261' title='bbox 1010 2988 1143 3046; x_wconf 85' lang='grc'><strong>44444444</strong></span> <span class='ocrx_word' id='word_1_262' title='bbox 1161 2981 1199 3044; x_wconf 82' lang='grc'><strong>44</strong></span> <span class='ocrx_word' id='word_1_263' title='bbox 1214 2983 1368 3044; x_wconf 83' lang='lat' dir='ltr'>Fonteona</span> <span class='ocrx_word' id='word_1_264' title='bbox 1384 2981 1518 3062; x_wconf 76' lang='lat' dir='ltr'>paeoniis</span> <span class='ocrx_word' id='word_1_265' title='bbox 1532 2985 1706 3063; x_wconf 82' lang='lat' dir='ltr'>sumptibus</span> <span class='ocrx_word' id='word_1_266' title='bbox 1725 2987 1832 3062; x_wconf 84' lang='lat' dir='ltr'>erexit,</span> <span class='ocrx_word' id='word_1_267' title='bbox 1854 2990 1883 3050; x_wconf 89' lang='lat' dir='ltr'>iu</span> 
     </span>
    </p>
   </div>
   <div class='ocr_carea' id='block_1_6' title="bbox 468 3077 1887 3546">
    <p class='ocr_par' dir='ltr' id='par_1_6' title="bbox 468 3077 1887 3546">
     <span class='ocr_line' id='line_1_26' title="bbox 469 3077 1884 3165; baseline -0.001 -16"><span class='ocrx_word' id='word_1_268' title='bbox 469 3100 531 3165; x_wconf 95' lang='lat' dir='ltr'><strong>quo</strong></span> <span class='ocrx_word' id='word_1_269' title='bbox 543 3083 655 3148; x_wconf 87' lang='lat' dir='ltr'>multas</span> <span class='ocrx_word' id='word_1_270' title='bbox 664 3080 757 3162; x_wconf 79' lang='lat' dir='ltr'>padus</span> <span class='ocrx_word' id='word_1_271' title='bbox 768 3096 786 3140; x_wconf 90' lang='lat' dir='ltr'>a</span> <span class='ocrx_word' id='word_1_272' title='bbox 798 3079 948 3142; x_wconf 83' lang='lat' dir='ltr'>militibus</span> <span class='ocrx_word' id='word_1_273' title='bbox 961 3085 990 3141; x_wconf 90' lang='grc'><strong>44</strong></span> <span class='ocrx_word' id='word_1_274' title='bbox 999 3077 1038 3141; x_wconf 84' lang='grc'><strong>41)</strong></span> <span class='ocrx_word' id='word_1_275' title='bbox 1050 3077 1121 3142; x_wconf 86' lang='lat' dir='ltr'>aliis</span> <span class='ocrx_word' id='word_1_276' title='bbox 1130 3077 1299 3157; x_wconf 87' lang='lat' dir='ltr'>noquisivit.</span> <span class='ocrx_word' id='word_1_277' title='bbox 1311 3077 1816 3162; x_wconf 71' lang='lat' dir='ltr'>munitionemetiamdePollenay</span> <span class='ocrx_word' id='word_1_278' title='bbox 1825 3085 1884 3165; x_wconf 83' lang='grc'><strong>(43)</strong></span> 
     </span>
     <span class='ocr_line' id='line_1_27' title="bbox 468 3171 1886 3255; baseline 0 -11"><span class='ocrx_word' id='word_1_279' title='bbox 468 3183 536 3246; x_wconf 79' lang='lat' dir='ltr'>lieri</span> <span class='ocrx_word' id='word_1_280' title='bbox 551 3180 630 3255; x_wconf 86' lang='lat' dir='ltr'>iecit,</span> <span class='ocrx_word' id='word_1_281' title='bbox 644 3184 674 3242; x_wconf 90' lang='grc'><strong>44</strong></span> <span class='ocrx_word' id='word_1_282' title='bbox 687 3175 800 3240; x_wconf 87' lang='lat' dir='ltr'>ibidem</span> <span class='ocrx_word' id='word_1_283' title='bbox 815 3175 911 3238; x_wconf 91' lang='lat' dir='ltr'>multa</span> <span class='ocrx_word' id='word_1_284' title='bbox 924 3173 1098 3254; x_wconf 87' lang='lat' dir='ltr'>adquisivit.</span> <span class='ocrx_word' id='word_1_285' title='bbox 1122 3175 1200 3236; x_wconf 88' lang='lat' dir='ltr'>Item</span> <span class='ocrx_word' id='word_1_286' title='bbox 1216 3171 1300 3252; x_wconf 84' lang='lat' dir='ltr'>apud</span> <span class='ocrx_word' id='word_1_287' title='bbox 1320 3171 1483 3250; x_wconf 86' lang='lat' dir='ltr'>Coindren,</span> <span class='ocrx_word' id='word_1_288' title='bbox 1499 3173 1531 3236; x_wconf 95' lang='lat' dir='ltr'>in</span> <span class='ocrx_word' id='word_1_289' title='bbox 1547 3175 1669 3254; x_wconf 84' lang='lat' dir='ltr'>panaria</span> <span class='ocrx_word' id='word_1_290' title='bbox 1685 3175 1829 3241; x_wconf 82' lang='lat' dir='ltr'>silvionis</span> <span class='ocrx_word' id='word_1_291' title='bbox 1848 3180 1886 3244; x_wconf 84' lang='lat' dir='ltr'><strong>do</strong></span> 
     </span>
     <span class='ocr_line' id='line_1_28' title="bbox 468 3269 1885 3357; baseline -0.002 -14"><span class='ocrx_word' id='word_1_292' title='bbox 468 3283 602 3357; x_wconf 74' lang='lat' dir='ltr'>sarnay,</span> <span class='ocrx_word' id='word_1_293' title='bbox 627 3275 731 3338; x_wconf 88' lang='lat' dir='ltr'>novies</span> <span class='ocrx_word' id='word_1_294' title='bbox 751 3272 859 3351; x_wconf 90' lang='lat' dir='ltr'>viginti</span> <span class='ocrx_word' id='word_1_295' title='bbox 888 3271 982 3336; x_wconf 77' lang='lat' dir='ltr'>libans</span> <span class='ocrx_word' id='word_1_296' title='bbox 1000 3269 1212 3334; x_wconf 84' lang='lat' dir='ltr'>viennensium</span> <span class='ocrx_word' id='word_1_297' title='bbox 1225 3269 1327 3345; x_wconf 89' lang='lat' dir='ltr'>misit;</span> <span class='ocrx_word' id='word_1_298' title='bbox 1348 3276 1380 3333; x_wconf 92' lang='grc'><strong>44</strong></span> <span class='ocrx_word' id='word_1_299' title='bbox 1392 3270 1424 3332; x_wconf 92' lang='lat' dir='ltr'>in</span> <span class='ocrx_word' id='word_1_300' title='bbox 1451 3271 1539 3334; x_wconf 83' lang='grc'><strong>444444</strong></span> <span class='ocrx_word' id='word_1_301' title='bbox 1557 3272 1715 3352; x_wconf 71' lang='lat' dir='ltr'>acquisitis</span> <span class='ocrx_word' id='word_1_302' title='bbox 1730 3291 1749 3336; x_wconf 89' lang='lat' dir='ltr'>a</span> <span class='ocrx_word' id='word_1_303' title='bbox 1766 3277 1885 3340; x_wconf 86' lang='lat' dir='ltr'>Guione</span> 
     </span>
     <span class='ocr_line' id='line_1_29' title="bbox 469 3363 1884 3456; baseline -0.003 -18"><span class='ocrx_word' id='word_1_304' title='bbox 469 3377 704 3439; x_wconf 83' lang='lat' dir='ltr'>Girevtoentnm</span> <span class='ocrx_word' id='word_1_305' title='bbox 717 3369 810 3432; x_wconf 83' lang='lat' dir='ltr'>libras</span> <span class='ocrx_word' id='word_1_306' title='bbox 825 3367 917 3432; x_wconf 89' lang='lat' dir='ltr'>dedit.</span> <span class='ocrx_word' id='word_1_307' title='bbox 935 3369 971 3430; x_wconf 85' lang='grc'><strong>444</strong></span> <span class='ocrx_word' id='word_1_308' title='bbox 982 3366 1066 3447; x_wconf 87' lang='lat' dir='ltr'>opud</span> <span class='ocrx_word' id='word_1_309' title='bbox 1076 3363 1268 3447; x_wconf 71' lang='lat' dir='ltr'>Longosttl)</span> <span class='ocrx_word' id='word_1_310' title='bbox 1278 3371 1392 3429; x_wconf 85' lang='grc'><strong>4444444</strong></span> <span class='ocrx_word' id='word_1_311' title='bbox 1405 3365 1553 3430; x_wconf 85' lang='lat' dir='ltr'>willelmi</span> <span class='ocrx_word' id='word_1_312' title='bbox 1567 3369 1698 3432; x_wconf 83' lang='grc'><strong>44444444</strong></span> <span class='ocrx_word' id='word_1_313' title='bbox 1712 3385 1769 3450; x_wconf 81' lang='lat' dir='ltr'><strong>pm</strong></span> <span class='ocrx_word' id='word_1_314' title='bbox 1779 3372 1884 3456; x_wconf 87' lang='lat' dir='ltr'>viginti</span> 
     </span>
     <span class='ocr_line' id='line_1_30' title="bbox 468 3461 1887 3546; baseline -0.003 -11"><span class='ocrx_word' id='word_1_315' title='bbox 468 3471 557 3536; x_wconf 80' lang='lat' dir='ltr'>libris</span> <span class='ocrx_word' id='word_1_316' title='bbox 570 3469 655 3532; x_wconf 86' lang='lat' dir='ltr'>emit.</span> <span class='ocrx_word' id='word_1_317' title='bbox 670 3469 735 3529; x_wconf 86' lang='lat' dir='ltr'>Eta</span> <span class='ocrx_word' id='word_1_318' title='bbox 749 3462 904 3528; x_wconf 84' lang='lat' dir='ltr'>Willelmo</span> <span class='ocrx_word' id='word_1_319' title='bbox 914 3463 951 3528; x_wconf 86' lang='lat' dir='ltr'><strong>de</strong></span> <span class='ocrx_word' id='word_1_320' title='bbox 964 3463 1074 3528; x_wconf 86' lang='lat' dir='ltr'>Cbivas</span> <span class='ocrx_word' id='word_1_321' title='bbox 1085 3461 1145 3544; x_wconf 81' lang='grc'><strong>(45)</strong></span> <span class='ocrx_word' id='word_1_322' title='bbox 1157 3469 1275 3544; x_wconf 66' lang='lat' dir='ltr'>panum</span> <span class='ocrx_word' id='word_1_323' title='bbox 1287 3461 1413 3538; x_wconf 81' lang='lat' dir='ltr'>decime,</span> <span class='ocrx_word' id='word_1_324' title='bbox 1428 3478 1521 3544; x_wconf 89' lang='lat' dir='ltr'>quam</span> <span class='ocrx_word' id='word_1_325' title='bbox 1535 3463 1669 3528; x_wconf 87' lang='lat' dir='ltr'>babebat</span> <span class='ocrx_word' id='word_1_326' title='bbox 1677 3464 1709 3527; x_wconf 95' lang='lat' dir='ltr'>in</span> <span class='ocrx_word' id='word_1_327' title='bbox 1724 3469 1887 3546; x_wconf 76' lang='grc'><strong>(4444444444</strong></span> 
     </span>
    </p>
   </div>
   <div class='ocr_carea' id='block_1_7' title="bbox 468 3683 1889 4946">
    <p class='ocr_par' dir='ltr' id='par_1_7' title="bbox 468 3683 1889 4946">
     <span class='ocr_line' id='line_1_31' title="bbox 503 3683 1887 3750; baseline 0.001 -17"><span class='ocrx_word' id='word_1_328' title='bbox 503 3687 538 3746; x_wconf 72' lang='grc'><strong>(1)</strong></span> <span class='ocrx_word' id='word_1_329' title='bbox 557 3687 583 3735; x_wconf 87' lang='lat' dir='ltr'><strong>ll.</strong></span> <span class='ocrx_word' id='word_1_330' title='bbox 601 3687 671 3736; x_wconf 83' lang='grc'><strong>44414.</strong></span> <span class='ocrx_word' id='word_1_331' title='bbox 692 3689 723 3736; x_wconf 86' lang='lat' dir='ltr'><strong>vlu</strong></span> <span class='ocrx_word' id='word_1_332' title='bbox 737 3689 827 3748; x_wconf 82' lang='grc'><strong>11144444,</strong></span> <span class='ocrx_word' id='word_1_333' title='bbox 843 3701 904 3736; x_wconf 78' lang='lat' dir='ltr'><strong>nm.</strong></span> <span class='ocrx_word' id='word_1_334' title='bbox 923 3688 1012 3748; x_wconf 81' lang='lat' dir='ltr'>Euonb,</span> <span class='ocrx_word' id='word_1_335' title='bbox 1026 3687 1076 3734; x_wconf 79' lang='lat' dir='ltr'>vol.</span> <span class='ocrx_word' id='word_1_336' title='bbox 1093 3690 1138 3745; x_wconf 58' lang='grc'><strong>144,</strong></span> <span class='ocrx_word' id='word_1_337' title='bbox 1252 3685 1285 3746; x_wconf 84' lang='grc'><strong>(11)</strong></span> <span class='ocrx_word' id='word_1_338' title='bbox 1310 3683 1415 3746; x_wconf 81' lang='lat' dir='ltr'>l&#39;oulqus</span> <span class='ocrx_word' id='word_1_339' title='bbox 1430 3692 1454 3732; x_wconf 85' lang='grc'><strong>44</strong></span> <span class='ocrx_word' id='word_1_340' title='bbox 1468 3683 1541 3748; x_wconf 83' lang='lat' dir='ltr'>Ogiev·</span> <span class='ocrx_word' id='word_1_341' title='bbox 1557 3683 1680 3750; x_wconf 81' lang='lat' dir='ltr'>d&#39;dmpula</span> <span class='ocrx_word' id='word_1_342' title='bbox 1696 3687 1837 3736; x_wconf 83' lang='grc'><strong>4444444414</strong></span> <span class='ocrx_word' id='word_1_343' title='bbox 1859 3687 1887 3732; x_wconf 80' lang='lat' dir='ltr'>ds</span> 
     </span>
     <span class='ocr_line' id='line_1_32' title="bbox 471 3761 1884 3829; baseline 0.007 -17"><span class='ocrx_word' id='word_1_344' title='bbox 471 3766 819 3828; x_wconf 74' lang='lat' dir='ltr'>n·t·=.-csvvaaequtsivton</span> <span class='ocrx_word' id='word_1_345' title='bbox 831 3767 969 3815; x_wconf 86' lang='grc'><strong>1441444444</strong></span> <span class='ocrx_word' id='word_1_346' title='bbox 982 3767 1052 3816; x_wconf 78' lang='grc'><strong>1211.</strong></span> <span class='ocrx_word' id='word_1_347' title='bbox 1219 3761 1353 3810; x_wconf 79' lang='lat' dir='ltr'>Guillanme</span> <span class='ocrx_word' id='word_1_348' title='bbox 1370 3763 1507 3825; x_wconf 68' lang='grc'><strong>4444444444,</strong></span> <span class='ocrx_word' id='word_1_349' title='bbox 1525 3763 1645 3814; x_wconf 76' lang='lat' dir='ltr'>chevalier</span> <span class='ocrx_word' id='word_1_350' title='bbox 1671 3764 1713 3829; x_wconf 84' lang='grc'><strong>(1.4</strong></span> <span class='ocrx_word' id='word_1_351' title='bbox 1737 3766 1884 3822; x_wconf 67' lang='lat' dir='ltr'>baboni-sor.</span> 
     </span>
     <span class='ocr_line' id='line_1_33' title="bbox 502 3839 1885 3909; baseline -0.005 -14"><span class='ocrx_word' id='word_1_352' title='bbox 502 3842 537 3906; x_wconf 77' lang='grc'><strong>(4)</strong></span> <span class='ocrx_word' id='word_1_353' title='bbox 555 3843 582 3892; x_wconf 81' lang='lat' dir='ltr'><strong>V.</strong></span> <span class='ocrx_word' id='word_1_354' title='bbox 594 3844 725 3906; x_wconf 79' lang='grc'><strong>41-4144444,</strong></span> <span class='ocrx_word' id='word_1_355' title='bbox 737 3859 761 3909; x_wconf 78' lang='lat' dir='ltr'><strong>g.</strong></span> <span class='ocrx_word' id='word_1_356' title='bbox 779 3851 808 3895; x_wconf 85' lang='grc'><strong>44</strong></span> <span class='ocrx_word' id='word_1_357' title='bbox 820 3853 843 3895; x_wconf 86' lang='grc'><strong>44</strong></span> <span class='ocrx_word' id='word_1_358' title='bbox 857 3849 897 3894; x_wconf 83' lang='lat' dir='ltr'>tv.</span> <span class='ocrx_word' id='word_1_359' title='bbox 1220 3847 1238 3890; x_wconf 92' lang='grc'><strong>4.</strong></span> <span class='ocrx_word' id='word_1_360' title='bbox 1254 3843 1277 3899; x_wconf 87' lang='grc'><strong>2,</strong></span> <span class='ocrx_word' id='word_1_361' title='bbox 1295 3839 1666 3906; x_wconf 60' lang='grc'><strong>4142404444444444444444</strong></span> <span class='ocrx_word' id='word_1_362' title='bbox 1680 3857 1711 3891; x_wconf 82' lang='grc'><strong>444</strong></span> <span class='ocrx_word' id='word_1_363' title='bbox 1723 3845 1793 3898; x_wconf 82' lang='grc'><strong>4244.</strong></span> <span class='ocrx_word' id='word_1_364' title='bbox 1808 3841 1848 3905; x_wconf 93' lang='grc'><strong>(14.</strong></span> <span class='ocrx_word' id='word_1_365' title='bbox 1862 3845 1885 3889; x_wconf 78' lang='lat' dir='ltr'><strong>P.</strong></span> 
     </span>
     <span class='ocr_line' id='line_1_34' title="bbox 502 3915 1343 3989; baseline 0.001 -16"><span class='ocrx_word' id='word_1_366' title='bbox 502 3923 537 3989; x_wconf 80' lang='grc'><strong>(4)</strong></span> <span class='ocrx_word' id='word_1_367' title='bbox 554 3923 620 3974; x_wconf 75' lang='lat' dir='ltr'>(istis</span> <span class='ocrx_word' id='word_1_368' title='bbox 631 3925 773 3988; x_wconf 77' lang='lat' dir='ltr'>acquisition</span> <span class='ocrx_word' id='word_1_369' title='bbox 783 3917 819 3974; x_wconf 81' lang='lat' dir='ltr'>lo&#39;t</span> <span class='ocrx_word' id='word_1_370' title='bbox 830 3926 885 3974; x_wconf 88' lang='grc'><strong>14444</strong></span> <span class='ocrx_word' id='word_1_371' title='bbox 896 3939 925 3974; x_wconf 87' lang='grc'><strong>44</strong></span> <span class='ocrx_word' id='word_1_372' title='bbox 941 3927 1010 3974; x_wconf 83' lang='grc'><strong>1221.</strong></span> <span class='ocrx_word' id='word_1_373' title='bbox 1021 3923 1060 3989; x_wconf 81' lang='grc'><strong>(14.</strong></span> <span class='ocrx_word' id='word_1_374' title='bbox 1071 3926 1137 3974; x_wconf 85' lang='grc'><strong>4444.</strong></span> <span class='ocrx_word' id='word_1_375' title='bbox 1218 3920 1241 3966; x_wconf 78' lang='lat' dir='ltr'><strong>l·</strong></span> <span class='ocrx_word' id='word_1_376' title='bbox 1255 3925 1283 3967; x_wconf 75' lang='grc'><strong>4·</strong></span> <span class='ocrx_word' id='word_1_377' title='bbox 1291 3915 1343 3982; x_wconf 76' lang='lat' dir='ltr'>bt.)</span> 
     </span>
     <span class='ocr_line' id='line_1_35' title="bbox 470 3997 1887 4070; baseline 0.009 -30"><span class='ocrx_word' id='word_1_378' title='bbox 470 4005 501 4052; x_wconf 68' lang='lat' dir='ltr'><strong>du</strong></span> <span class='ocrx_word' id='word_1_379' title='bbox 512 4003 602 4066; x_wconf 60' lang='lat' dir='ltr'>gqgm,</span> <span class='ocrx_word' id='word_1_380' title='bbox 615 4005 698 4066; x_wconf 62' lang='lat' dir='ltr'><strong>cm,</strong></span> <span class='ocrx_word' id='word_1_381' title='bbox 708 4006 755 4054; x_wconf 64' lang='lat' dir='ltr'>vot,</span> <span class='ocrx_word' id='word_1_382' title='bbox 767 4009 806 4066; x_wconf 76' lang='lat'><strong>2⁹,</strong></span> <span class='ocrx_word' id='word_1_383' title='bbox 816 4015 844 4054; x_wconf 72' lang='grc' dir='ltr'><strong>,ο</strong></span> <span class='ocrx_word' id='word_1_384' title='bbox 855 4005 910 4070; x_wconf 56' lang='lat' dir='ltr'><strong>quq)</strong></span> <span class='ocrx_word' id='word_1_385' title='bbox 1250 3997 1285 4063; x_wconf 78' lang='grc'><strong>(4)</strong></span> <span class='ocrx_word' id='word_1_386' title='bbox 1313 3997 1514 4064; x_wconf 66' lang='lat' dir='ltr'>Salui-ilvam,</span> <span class='ocrx_word' id='word_1_387' title='bbox 1539 4011 1626 4054; x_wconf 85' lang='grc'><strong>444444</strong></span> <span class='ocrx_word' id='word_1_388' title='bbox 1650 4005 1683 4054; x_wconf 89' lang='lat' dir='ltr'><strong>du</strong></span> <span class='ocrx_word' id='word_1_389' title='bbox 1710 4005 1887 4068; x_wconf 78' lang='lat' dir='ltr'>Bois-doingt</span> 
     </span>
     <span class='ocr_line' id='line_1_36' title="bbox 502 4077 1332 4146; baseline -0.007 -16"><span class='ocrx_word' id='word_1_390' title='bbox 502 4081 536 4145; x_wconf 86' lang='grc'><strong>(4)</strong></span> <span class='ocrx_word' id='word_1_391' title='bbox 556 4082 592 4131; x_wconf 76' lang='lat' dir='ltr'>lin</span> <span class='ocrx_word' id='word_1_392' title='bbox 616 4085 685 4132; x_wconf 85' lang='grc'><strong>4222.</strong></span> <span class='ocrx_word' id='word_1_393' title='bbox 708 4081 746 4146; x_wconf 82' lang='lat' dir='ltr'><strong>(v.</strong></span> <span class='ocrx_word' id='word_1_394' title='bbox 764 4083 789 4136; x_wconf 78' lang='grc' dir='ltr'><strong>Ρ.</strong></span> <span class='ocrx_word' id='word_1_395' title='bbox 808 4087 832 4135; x_wconf 92' lang='grc'><strong>1.</strong></span> <span class='ocrx_word' id='word_1_396' title='bbox 851 4077 976 4144; x_wconf 72' lang='lat' dir='ltr'>dnobus,</span> <span class='ocrx_word' id='word_1_397' title='bbox 1000 4083 1038 4134; x_wconf 79' lang='grc'><strong>414.</strong></span> <span class='ocrx_word' id='word_1_398' title='bbox 1059 4097 1138 4144; x_wconf 82' lang='grc'><strong>444444,</strong></span> <span class='ocrx_word' id='word_1_399' title='bbox 1219 4077 1332 4142; x_wconf 72' lang='lat' dir='ltr'>(nnana).</span> 
     </span>
     <span class='ocr_line' id='line_1_37' title="bbox 468 4155 1828 4228; baseline 0.007 -26"><span class='ocrx_word' id='word_1_400' title='bbox 468 4173 494 4220; x_wconf 81' lang='lat' dir='ltr'><strong>p.</strong></span> <span class='ocrx_word' id='word_1_401' title='bbox 504 4159 556 4224; x_wconf 76' lang='grc'><strong>44.)</strong></span> <span class='ocrx_word' id='word_1_402' title='bbox 1250 4156 1300 4220; x_wconf 86' lang='grc'><strong>(44)</strong></span> <span class='ocrx_word' id='word_1_403' title='bbox 1317 4155 1417 4218; x_wconf 70' lang='lat' dir='ltr'>loeson,</span> <span class='ocrx_word' id='word_1_404' title='bbox 1430 4167 1514 4207; x_wconf 84' lang='grc'><strong>444444</strong></span> <span class='ocrx_word' id='word_1_405' title='bbox 1525 4159 1555 4210; x_wconf 76' lang='lat' dir='ltr'><strong>vla</strong></span> <span class='ocrx_word' id='word_1_406' title='bbox 1566 4161 1706 4228; x_wconf 74' lang='lat' dir='ltr'>Vsagnsny</span> <span class='ocrx_word' id='word_1_407' title='bbox 1716 4163 1828 4228; x_wconf 77' lang='lat' dir='ltr'>(illudne).</span> 
     </span>
     <span class='ocr_line' id='line_1_38' title="bbox 501 4235 1680 4306; baseline 0.002 -17"><span class='ocrx_word' id='word_1_408' title='bbox 501 4238 537 4302; x_wconf 86' lang='grc'><strong>(41)</strong></span> <span class='ocrx_word' id='word_1_409' title='bbox 553 4239 644 4290; x_wconf 81' lang='lat' dir='ltr'>C&#39;estls</span> <span class='ocrx_word' id='word_1_410' title='bbox 660 4241 749 4290; x_wconf 79' lang='grc'><strong>2444441</strong></span> <span class='ocrx_word' id='word_1_411' title='bbox 762 4245 831 4302; x_wconf 85' lang='grc'><strong>1217,</strong></span> <span class='ocrx_word' id='word_1_412' title='bbox 847 4255 894 4305; x_wconf 84' lang='lat' dir='ltr'><strong>que</strong></span> <span class='ocrx_word' id='word_1_413' title='bbox 904 4242 1024 4291; x_wconf 79' lang='lat' dir='ltr'>Guielannd</span> <span class='ocrx_word' id='word_1_414' title='bbox 1043 4242 1140 4306; x_wconf 86' lang='lat' dir='ltr'>d&#39;Olngt</span> <span class='ocrx_word' id='word_1_415' title='bbox 1250 4235 1300 4299; x_wconf 91' lang='grc'><strong>(41)</strong></span> <span class='ocrx_word' id='word_1_416' title='bbox 1316 4235 1344 4283; x_wconf 75' lang='lat' dir='ltr'><strong>V·</strong></span> <span class='ocrx_word' id='word_1_417' title='bbox 1357 4237 1488 4298; x_wconf 77' lang='lat' dir='ltr'>val-devant,</span> <span class='ocrx_word' id='word_1_418' title='bbox 1501 4251 1525 4300; x_wconf 81' lang='lat' dir='ltr'><strong>p.</strong></span> <span class='ocrx_word' id='word_1_419' title='bbox 1537 4241 1577 4298; x_wconf 80' lang='grc'><strong>42,</strong></span> <span class='ocrx_word' id='word_1_420' title='bbox 1589 4241 1645 4290; x_wconf 81' lang='lat' dir='ltr'>nois</span> <span class='ocrx_word' id='word_1_421' title='bbox 1657 4247 1680 4291; x_wconf 86' lang='grc'><strong>2.</strong></span> 
     </span>
     <span class='ocr_line' id='line_1_39' title="bbox 469 4313 1887 4384; baseline 0.009 -26"><span class='ocrx_word' id='word_1_422' title='bbox 469 4331 573 4382; x_wconf 62' lang='lat' dir='ltr'><strong>eume·</strong></span> <span class='ocrx_word' id='word_1_423' title='bbox 590 4331 634 4366; x_wconf 79' lang='lat' dir='ltr'>m</span> <span class='ocrx_word' id='word_1_424' title='bbox 653 4320 752 4366; x_wconf 64' lang='grc'><strong>44441444</strong></span> <span class='ocrx_word' id='word_1_425' title='bbox 771 4319 866 4383; x_wconf 63' lang='lat' dir='ltr'>d&#39;Oingt</span> <span class='ocrx_word' id='word_1_426' title='bbox 884 4325 897 4368; x_wconf 66' lang='grc'><strong>4</strong></span> <span class='ocrx_word' id='word_1_427' title='bbox 915 4321 1077 4384; x_wconf 61' lang='lat' dir='ltr'>l&#39;grelqgvgqug</span> <span class='ocrx_word' id='word_1_428' title='bbox 1093 4321 1140 4369; x_wconf 61' lang='lat' dir='ltr'><strong>Re.</strong></span> <span class='ocrx_word' id='word_1_429' title='bbox 1250 4313 1300 4380; x_wconf 54' lang='grc'><strong>(14)</strong></span> <span class='ocrx_word' id='word_1_430' title='bbox 1316 4313 1367 4362; x_wconf 62' lang='grc' dir='ltr'><strong>ΕΙΙΕ</strong></span> <span class='ocrx_word' id='word_1_431' title='bbox 1377 4317 1434 4364; x_wconf 57' lang='lat' dir='ltr'><strong>dull</strong></span> <span class='ocrx_word' id='word_1_432' title='bbox 1449 4317 1533 4364; x_wconf 76' lang='lat' dir='ltr'>lmme</span> <span class='ocrx_word' id='word_1_433' title='bbox 1548 4317 1577 4366; x_wconf 72' lang='grc'><strong>440</strong></span> <span class='ocrx_word' id='word_1_434' title='bbox 1586 4319 1747 4370; x_wconf 68' lang='lat' dir='ltr'>Gulelnarvll‘r</span> <span class='ocrx_word' id='word_1_435' title='bbox 1755 4323 1784 4370; x_wconf 68' lang='lat' dir='ltr'><strong>(ld</strong></span> <span class='ocrx_word' id='word_1_436' title='bbox 1795 4321 1887 4370; x_wconf 62' lang='grc'><strong>1014411·</strong></span> 
     </span>
     <span class='ocr_line' id='line_1_40' title="bbox 468 4393 1889 4463; baseline 0.005 -19"><span class='ocrx_word' id='word_1_437' title='bbox 468 4397 542 4444; x_wconf 76' lang='lat' dir='ltr'>nand.</span> <span class='ocrx_word' id='word_1_438' title='bbox 556 4395 593 4458; x_wconf 91' lang='lat' dir='ltr'>(ll.</span> <span class='ocrx_word' id='word_1_439' title='bbox 610 4398 677 4444; x_wconf 84' lang='grc'><strong>44414.</strong></span> <span class='ocrx_word' id='word_1_440' title='bbox 698 4397 730 4446; x_wconf 86' lang='lat' dir='ltr'><strong>vlu</strong></span> <span class='ocrx_word' id='word_1_441' title='bbox 744 4397 837 4459; x_wconf 81' lang='grc'><strong>11144144,</strong></span> <span class='ocrx_word' id='word_1_442' title='bbox 854 4411 913 4446; x_wconf 78' lang='lat' dir='ltr'>unm.</span> <span class='ocrx_word' id='word_1_443' title='bbox 927 4400 1010 4460; x_wconf 81' lang='lat' dir='ltr'>cham,</span> <span class='ocrx_word' id='word_1_444' title='bbox 1029 4402 1077 4449; x_wconf 90' lang='lat' dir='ltr'>vol.</span> <span class='ocrx_word' id='word_1_445' title='bbox 1098 4403 1138 4462; x_wconf 84' lang='grc'><strong>414,</strong></span> <span class='ocrx_word' id='word_1_446' title='bbox 1219 4408 1275 4456; x_wconf 78' lang='lat' dir='ltr'>guy,</span> <span class='ocrx_word' id='word_1_447' title='bbox 1297 4393 1416 4443; x_wconf 79' lang='grc'><strong>4144441444·</strong></span> <span class='ocrx_word' id='word_1_448' title='bbox 1431 4393 1470 4459; x_wconf 77' lang='lat' dir='ltr'>(i.</span> <span class='ocrx_word' id='word_1_449' title='bbox 1490 4397 1515 4444; x_wconf 83' lang='lat' dir='ltr'><strong>P.</strong></span> <span class='ocrx_word' id='word_1_450' title='bbox 1532 4397 1556 4444; x_wconf 92' lang='grc'><strong>1.</strong></span> <span class='ocrx_word' id='word_1_451' title='bbox 1573 4407 1601 4445; x_wconf 86' lang='lat' dir='ltr'><strong>n·</strong></span> <span class='ocrx_word' id='word_1_452' title='bbox 1618 4399 1668 4463; x_wconf 93' lang='grc'><strong>24),</strong></span> <span class='ocrx_word' id='word_1_453' title='bbox 1681 4400 1719 4449; x_wconf 85' lang='grc'><strong>414</strong></span> <span class='ocrx_word' id='word_1_454' title='bbox 1737 4401 1842 4450; x_wconf 78' lang='grc'><strong>4144444</strong></span> <span class='ocrx_word' id='word_1_455' title='bbox 1859 4403 1889 4450; x_wconf 84' lang='lat' dir='ltr'><strong>de</strong></span> 
     </span>
     <span class='ocr_line' id='line_1_41' title="bbox 470 4473 1887 4543; baseline 0.003 -19"><span class='ocrx_word' id='word_1_456' title='bbox 470 4485 498 4531; x_wconf 79' lang='lat' dir='ltr'><strong>u·</strong></span> <span class='ocrx_word' id='word_1_457' title='bbox 511 4475 597 4538; x_wconf 60' lang='lat' dir='ltr'>ingl.</span> <span class='ocrx_word' id='word_1_458' title='bbox 610 4475 675 4524; x_wconf 86' lang='grc'><strong>44441</strong></span> <span class='ocrx_word' id='word_1_459' title='bbox 682 4479 748 4536; x_wconf 74' lang='lat'><strong>¹⁰⁶3</strong></span> <span class='ocrx_word' id='word_1_460' title='bbox 760 4477 879 4538; x_wconf 72' lang='grc'><strong>4441444414,</strong></span> <span class='ocrx_word' id='word_1_461' title='bbox 894 4479 941 4526; x_wconf 86' lang='lat' dir='ltr'>vol.</span> <span class='ocrx_word' id='word_1_462' title='bbox 953 4481 992 4540; x_wconf 77' lang='lat' dir='ltr'><strong>dd,</strong></span> <span class='ocrx_word' id='word_1_463' title='bbox 1002 4488 1030 4526; x_wconf 88' lang='lat' dir='ltr'><strong>u·</strong></span> <span class='ocrx_word' id='word_1_464' title='bbox 1041 4483 1076 4538; x_wconf 89' lang='grc'><strong>2.)</strong></span> <span class='ocrx_word' id='word_1_465' title='bbox 1219 4475 1355 4536; x_wconf 76' lang='lat' dir='ltr'>llonlaguy,</span> <span class='ocrx_word' id='word_1_466' title='bbox 1376 4475 1502 4523; x_wconf 79' lang='lat' dir='ltr'>chevalier.</span> <span class='ocrx_word' id='word_1_467' title='bbox 1522 4473 1559 4540; x_wconf 85' lang='lat' dir='ltr'>(l&#39;.</span> <span class='ocrx_word' id='word_1_468' title='bbox 1581 4477 1613 4526; x_wconf 80' lang='lat' dir='ltr'><strong>Le</strong></span> <span class='ocrx_word' id='word_1_469' title='bbox 1631 4479 1781 4543; x_wconf 79' lang='grc'><strong>4414444444,</strong></span> <span class='ocrx_word' id='word_1_470' title='bbox 1803 4490 1820 4530; x_wconf 88' lang='lat' dir='ltr'>t.</span> <span class='ocrx_word' id='word_1_471' title='bbox 1843 4485 1887 4540; x_wconf 61' lang='grc'><strong>144,</strong></span> 
     </span>
     <span class='ocr_line' id='line_1_42' title="bbox 501 4551 1323 4618; baseline 0 -16"><span class='ocrx_word' id='word_1_472' title='bbox 501 4555 536 4618; x_wconf 82' lang='grc'><strong>(4)</strong></span> <span class='ocrx_word' id='word_1_473' title='bbox 552 4555 586 4603; x_wconf 79' lang='lat' dir='ltr'><strong>Co</strong></span> <span class='ocrx_word' id='word_1_474' title='bbox 596 4553 701 4617; x_wconf 73' lang='lat' dir='ltr'>dulgas·</span> <span class='ocrx_word' id='word_1_475' title='bbox 714 4555 744 4603; x_wconf 84' lang='lat' dir='ltr'><strong>de</strong></span> <span class='ocrx_word' id='word_1_476' title='bbox 759 4557 897 4605; x_wconf 82' lang='grc'><strong>1444444444</strong></span> <span class='ocrx_word' id='word_1_477' title='bbox 909 4557 947 4606; x_wconf 83' lang='grc'><strong>414</strong></span> <span class='ocrx_word' id='word_1_478' title='bbox 959 4559 988 4606; x_wconf 81' lang='lat' dir='ltr'>ds</span> <span class='ocrx_word' id='word_1_479' title='bbox 1006 4559 1140 4606; x_wconf 78' lang='grc'><strong>6444144444</strong></span> <span class='ocrx_word' id='word_1_480' title='bbox 1219 4570 1243 4616; x_wconf 85' lang='grc' dir='ltr'><strong>μ.</strong></span> <span class='ocrx_word' id='word_1_481' title='bbox 1255 4551 1323 4616; x_wconf 83' lang='grc'><strong>441.)</strong></span> 
     </span>
     <span class='ocr_line' id='line_1_43' title="bbox 470 4629 1871 4702; baseline 0 -18"><span class='ocrx_word' id='word_1_482' title='bbox 470 4637 498 4690; x_wconf 84' lang='grc'><strong>414</strong></span> <span class='ocrx_word' id='word_1_483' title='bbox 515 4635 592 4694; x_wconf 80' lang='lat' dir='ltr'>lum,</span> <span class='ocrx_word' id='word_1_484' title='bbox 611 4634 740 4696; x_wconf 81' lang='grc'><strong>4144441444,</strong></span> <span class='ocrx_word' id='word_1_485' title='bbox 753 4636 866 4698; x_wconf 71' lang='lat' dir='ltr'>seigneur</span> <span class='ocrx_word' id='word_1_486' title='bbox 881 4637 911 4684; x_wconf 83' lang='lat' dir='ltr'>ds</span> <span class='ocrx_word' id='word_1_487' title='bbox 923 4639 1138 4699; x_wconf 65' lang='lat' dir='ltr'>saint-libamenti,</span> <span class='ocrx_word' id='word_1_488' title='bbox 1251 4633 1300 4699; x_wconf 84' lang='grc'><strong>(11)</strong></span> <span class='ocrx_word' id='word_1_489' title='bbox 1317 4629 1871 4702; x_wconf 59' lang='grc'><strong>4411444444,444444441444444444(1114444).</strong></span> 
     </span>
     <span class='ocr_line' id='line_1_44' title="bbox 470 4713 1808 4780; baseline 0 -14"><span class='ocrx_word' id='word_1_490' title='bbox 470 4715 561 4775; x_wconf 76' lang='grc'><strong>144144,</strong></span> <span class='ocrx_word' id='word_1_491' title='bbox 572 4713 679 4776; x_wconf 78' lang='grc'><strong>41414441,</strong></span> <span class='ocrx_word' id='word_1_492' title='bbox 696 4723 742 4776; x_wconf 83' lang='grc'><strong>444,</strong></span> <span class='ocrx_word' id='word_1_493' title='bbox 758 4723 782 4764; x_wconf 92' lang='grc'><strong>44</strong></span> <span class='ocrx_word' id='word_1_494' title='bbox 798 4717 827 4764; x_wconf 76' lang='lat' dir='ltr'>ile</span> <span class='ocrx_word' id='word_1_495' title='bbox 842 4717 966 4766; x_wconf 71' lang='grc'><strong>1314444444</strong></span> <span class='ocrx_word' id='word_1_496' title='bbox 982 4717 1041 4764; x_wconf 84' lang='lat' dir='ltr'>ds...</span> <span class='ocrx_word' id='word_1_497' title='bbox 1058 4717 1094 4780; x_wconf 79' lang='grc'><strong>(1.</strong></span> <span class='ocrx_word' id='word_1_498' title='bbox 1107 4717 1139 4766; x_wconf 84' lang='lat' dir='ltr'><strong>La</strong></span> <span class='ocrx_word' id='word_1_499' title='bbox 1251 4713 1301 4780; x_wconf 87' lang='lat' dir='ltr'>(tt)</span> <span class='ocrx_word' id='word_1_500' title='bbox 1318 4715 1687 4776; x_wconf 56' lang='grc'><strong>144444444444444044414444</strong></span> <span class='ocrx_word' id='word_1_501' title='bbox 1698 4716 1808 4780; x_wconf 80' lang='grc'><strong>(114444).</strong></span> 
     </span>
     <span class='ocr_line' id='line_1_45' title="bbox 470 4787 1886 4858; baseline 0.004 -16"><span class='ocrx_word' id='word_1_502' title='bbox 470 4793 618 4852; x_wconf 74' lang='lat' dir='ltr'>lubentem,</span> <span class='ocrx_word' id='word_1_503' title='bbox 629 4799 646 4842; x_wconf 84' lang='lat' dir='ltr'>t.</span> <span class='ocrx_word' id='word_1_504' title='bbox 656 4795 680 4854; x_wconf 89' lang='grc'><strong>2,</strong></span> <span class='ocrx_word' id='word_1_505' title='bbox 692 4807 717 4856; x_wconf 76' lang='lat' dir='ltr'><strong>p.</strong></span> <span class='ocrx_word' id='word_1_506' title='bbox 730 4793 796 4858; x_wconf 78' lang='grc'><strong>274.)</strong></span> <span class='ocrx_word' id='word_1_507' title='bbox 892 4829 895 4834; x_wconf 90' lang='grc'><strong>.</strong></span> <span class='ocrx_word' id='word_1_508' title='bbox 1009 4787 1011 4790; x_wconf 71' lang='grc'><strong>’</strong></span> <span class='ocrx_word' id='word_1_509' title='bbox 1251 4793 1300 4858; x_wconf 79' lang='grc'><strong>(44)</strong></span> <span class='ocrx_word' id='word_1_510' title='bbox 1317 4793 1345 4840; x_wconf 85' lang='lat' dir='ltr'><strong>v.</strong></span> <span class='ocrx_word' id='word_1_511' title='bbox 1363 4793 1586 4856; x_wconf 70' lang='grc'><strong>444144141114444,</strong></span> <span class='ocrx_word' id='word_1_512' title='bbox 1605 4809 1665 4847; x_wconf 82' lang='grc'><strong>4444.</strong></span> <span class='ocrx_word' id='word_1_513' title='bbox 1683 4797 1774 4858; x_wconf 75' lang='lat' dir='ltr'>Festos,</span> <span class='ocrx_word' id='word_1_514' title='bbox 1788 4799 1833 4846; x_wconf 87' lang='lat' dir='ltr'>vol.</span> <span class='ocrx_word' id='word_1_515' title='bbox 1849 4799 1886 4856; x_wconf 79' lang='grc'><strong>14,</strong></span> 
     </span>
     <span class='ocr_line' id='line_1_46' title="bbox 501 4870 1347 4946; baseline 0.006 -30"><span class='ocrx_word' id='word_1_516' title='bbox 501 4870 535 4946; x_wconf 80' lang='grc'><strong>(4)</strong></span> <span class='ocrx_word' id='word_1_517' title='bbox 551 4872 687 4933; x_wconf 68' lang='grc'><strong>4144444444,</strong></span> <span class='ocrx_word' id='word_1_518' title='bbox 700 4879 786 4921; x_wconf 83' lang='lat' dir='ltr'>eonion</span> <span class='ocrx_word' id='word_1_519' title='bbox 799 4873 827 4922; x_wconf 84' lang='lat' dir='ltr'><strong>do</strong></span> <span class='ocrx_word' id='word_1_520' title='bbox 841 4873 948 4924; x_wconf 77' lang='lat' dir='ltr'>l‘vllnssln</span> <span class='ocrx_word' id='word_1_521' title='bbox 961 4873 1059 4939; x_wconf 81' lang='grc'><strong>(44144).</strong></span> <span class='ocrx_word' id='word_1_522' title='bbox 1220 4885 1257 4923; x_wconf 72' lang='lat' dir='ltr'><strong>nv·</strong></span> <span class='ocrx_word' id='word_1_523' title='bbox 1267 4877 1279 4924; x_wconf 89' lang='grc'><strong>4</strong></span> <span class='ocrx_word' id='word_1_524' title='bbox 1289 4883 1313 4923; x_wconf 83' lang='grc'><strong>44</strong></span> <span class='ocrx_word' id='word_1_525' title='bbox 1324 4879 1347 4928; x_wconf 89' lang='grc'><strong>14,</strong></span> 
     </span>
    </p>
   </div>
   <div class='ocr_carea' id='block_1_8' title="bbox 0 0 2154 6054">
    <p class='ocr_par' dir='ltr' id='par_1_8' title="bbox 0 0 2154 6054">
     <span class='ocr_line' id='line_1_47' title="bbox 0 0 2154 6054; baseline 0 3"><span class='ocrx_word' id='word_1_526' title='bbox 0 0 2154 6054; x_wconf 95' lang='lat' dir='ltr'><strong> </strong></span> 
     </span>
    </p>
   </div>
  </div>
 </body>
</html>
