4300 6054
515 812 572 874 ile
832 823 999 876 4444444444
1020 824 1060 874 44
1080 808 1215 873 u'icuss
1236 823 1276 872 44
1296 823 1587 876 avon-ocream.

513 941 655 1008 44444444
672 941 765 1022 garde
777 941 815 1006 de
832 945 927 1007 14444
938 941 979 1022 (4)
992 942 1129 1008 4444444
1145 941 1286 1006 4444444444
1301 947 1332 1006 44
1346 941 1497 1019 44414444,
1518 945 1613 1008 fratre
1628 945 1695 1024 ejus
1712 943 1764 1026 (4),
1787 945 1871 1008 emit.
1893 946 1927 1006 ln

512 1037 692 1102 4441444444
708 1037 862 1103 Seudrens
876 1037 916 1120 (3)
931 1039 1123 1104 medietatem
1134 1038 1212 1120 juvis
1226 1037 1307 1118 quod
1322 1037 1476 1102 habebant
1486 1039 1643 1106 decimarii
1664 1043 1697 1106 44
1717 1041 1845 1106 decimis
1856 1057 1928 1104 cou-

512 1134 695 1214 gregaudis;
711 1135 792 1216 apud
804 1133 1009 1200 barziliacum
1021 1133 1463 1217 (4)41)444444441)41444444,
1477 1137 1927 1216 444444444444444444444444

424 1265 432 1296 4
513 1235 609 1295 terrae
629 1237 659 1295 44
678 1245 798 1308 nemus,
819 1249 897 1312 quos
911 1232 954 1296 ibi
967 1232 1037 1310 jure
1055 1231 1240 1298 hereditario
1262 1229 1472 1312 possidebaut;
1491 1235 1573 1313 apud
1592 1233 1705 1298 villam
1723 1235 1854 1300 morceis
1876 1233 1926 1314 (5),

511 1327 701 1392 vevcberiam
719 1329 874 1410 quandam
892 1345 945 1394 sen
958 1327 1048 1394 libris
1060 1329 1145 1394 emit.
1160 1361 1199 1376 -
1218 1329 1255 1392 m
1272 1327 1430 1403 44444444,
1451 1330 1554 1392 Sancti
1572 1331 1739 1396 4144444444
1758 1330 1802 1412 (6)
1822 1331 1925 1404 abbas,

513 1426 567 1506 qui
580 1424 713 1490 4444444
726 1441 804 1508 opus
815 1425 942 1505 majoris
952 1425 1077 1490 ecclesie
1089 1431 1212 1490 centum
1228 1425 1342 1490 solidos
1356 1426 1530 1490 viennensis
1543 1434 1682 1503 mouele;
1700 1429 1764 1509 5-
1779 1431 1816 1492 ut
1830 1427 1928 1492 domi-

481 1533 485 1544 '
513 1537 572 1584 uus
595 1521 731 1598 Cobuus,
760 1523 942 1600 monachus,
972 1522 1113 1588 sacerdos
1133 1528 1164 1586 44
1194 1522 1354 1602 protessus
1382 1523 1485 1588 Sancti
1509 1525 1591 1588 Petri
1624 1527 1799 1590 besuensis.
1829 1559 1870 1572 -
1895 1527 1929 1588 444

513 1617 670 1682 lohannes
693 1619 852 1694 Benedici,
876 1619 1087 1684 thesaurarius
1111 1617 1334 1698 Lugdunensis,
1359 1619 1413 1698 qui
1439 1617 1564 1700 reliquit
1583 1620 1712 1684 ecclesie
1731 1621 1928 1700 Lugduneosi

514 1715 575 1778 duo
586 1715 793 1782 anniversarie
805 1717 966 1799 4444414444,
980 1715 1117 1780 videlicet
1137 1716 1270 1797 primum
1284 1714 1335 1780 die
1346 1716 1447 1780 obitus
1457 1717 1516 1791 sui,
1529 1723 1559 1780 44
1576 1715 1745 1782 secumdum
1759 1719 1793 1782 in
1806 1717 1926 1794 ottabis',

514 1809 656 1878 libranda
677 1815 710 1876 44
726 1813 811 1878 14444
830 1815 973 1889 modum,
991 1813 1130 1878 videlicet
1145 1811 1268 1876 cullibet
1284 1811 1430 1876 canonico
1450 1817 1482 1874 et
1503 1813 1708 1894 incorporato,
1727 1815 1781 1894 qui
1803 1831 1928 1894 presens

513 1907 605 1972 luerit
613 1909 646 1972 in
656 1909 814 1974 matutinis
828 1909 1036 1990 predictorum
1049 1909 1169 1972 dierum
1183 1907 1443 1988 usquepsalmum
1455 1905 1594 1974 Laudato
1606 1907 1770 1976 4444444444
1785 1909 1822 1974 de
1836 1911 1926 1985 44444,

512 2007 672 2072 matutinis
682 2015 876 2072 mortuorum
889 2007 995 2070 decem
1008 2003 1344 2070 denariiviennensium
1353 2003 1475 2068 deutur.
1486 2008 1563 2070 44444
1574 2005 1699 2070 cuilibet
1708 2007 1925 2088 predictorum,

513 2103 568 2184 qui
579 2103 718 2168 444444444
731 2103 833 2168 missis
847 2103 920 2167 44444
937 2101 1137 2166 anniversarii
1154 2099 1193 2164 ab
1211 2099 1340 2180 opiscola
1360 2117 1458 2181 usque
1474 2101 1514 2164 ad
1528 2107 1637 2186 Agnos
1649 2103 1717 2180 Dei,
1737 2106 1770 2168 44
1793 2106 1929 2184 qualibet

513 2199 609 2263 missa
622 2201 695 2264 Vlll
707 2199 824 2264 4444444
838 2198 1071 2270 viennensium:
1093 2203 1125 2260 44
1142 2193 1267 2262 cuilibet
1288 2195 1424 2260 41444444
1442 2197 1682 2278 capellanorum,
1702 2201 1886 2270 clericorum
1900 2211 1928 2267 el

513 2293 730 2360 clericulorum
742 2295 822 2360 dicte
835 2292 961 2360 ecclesie
975 2299 1005 2358 et
1017 2293 1119 2358 sonaci
1130 2292 1276 2374 sepham
1288 2297 1320 2356 44
1333 2295 1626 2374 8444444444444
1637 2295 1725 2360 dietis
1736 2299 1839 2362 missis
1850 2300 1928 2364 4444-

514 2397 632 2467 rerunt,
648 2392 681 2455 44
693 2389 830 2472 qnalibet
846 2391 940 2454 444444
953 2405 1034 2454 uuus
1048 2389 1194 2454 denarius
1211 2387 1423 2452 viennensium
1439 2389 1538 2454 detur.
1559 2395 1637 2456 item
1658 2393 1808 2458 sacerdoti
1833 2395 1927 2460 dicus

513 2488 623 2552 missas
651 2488 828 2565 celebranti,
850 2488 883 2552 in
905 2486 1044 2568 quabbet
1073 2491 1142 2550 ocio
1170 2483 1288 2548 denarii
1313 2483 1443 2559 dentum
1466 2483 1594 2550 diacono
1615 2494 1645 2550 44
1666 2489 1856 2554 subdiacono
1877 2509 1927 2556 sex

391 2597 395 2606 ’
514 2584 651 2658 denarii;
665 2585 727 2649 duo
740 2585 939 2662 ceroferariis,
953 2583 1079 2648 cuilibet
1095 2580 1297 2646 undenarii.
1313 2581 1352 2644 ut
1363 2579 1457 2645 voluit
1468 2589 1499 2645 et
1512 2585 1648 2664 precepit
1659 2583 1758 2649 dictus
1770 2587 1928 2652 lohannes

459 2685 466 2701 '
513 2679 596 2760 quod
614 2687 737 2744 4444444
755 2681 858 2746 Sancti
874 2679 1008 2744 Romani
1024 2675 1248 2758 Lugdunensis,
1261 2675 1315 2758 qui
1327 2693 1384 2758 pro
1398 2683 1538 2758 tempore
1556 2679 1658 2756 luerit,
1669 2679 1817 2744 babeutet
1828 2685 1929 2764 perci-

462 2804 468 2816 ·
513 2777 578 2858 plat
600 2775 796 2842 librationem
809 2775 1090 2840 444444444441444
1114 2773 1340 2849 anniversariis,
1362 2773 1441 2838 sicut
1459 2791 1541 2839 unus
1564 2777 1603 2840 de
1622 2777 1825 2858 incorporatis
1848 2781 1927 2844 dicte

513 2871 640 2936 ecclesie
653 2872 876 2952 Lugdunensis.

553 3011 589 3058 u.
599 3027 681 3042 --
693 2993 844 3060 04444444
855 2995 1040 3076 Stephanus,
1050 2993 1157 3070 laicus,
1167 3023 1207 3042 -
1220 2999 1250 3058 44
1260 2993 1443 3070 4144144444,
1459 2993 1617 3074 diaconus,
1629 3031 1669 3044 —
1682 3005 1713 3061 44
1724 3003 1841 3076 Petrus,
1858 3018 1927 3066 con-

514 3090 772 3155 versuscanusie
785 3089 837 3172 (4).
886 3096 899 3116 '
979 3131 981 3136 .

386 3311 390 3326 ·
514 3305 537 3354 14
548 3301 714 3354 commoneris
728 3302 849 3365 nuuunoy
860 3301 934 3366 (444),
946 3303 1181 3366 simidicensi·
1293 3301 1328 3366 (4)
1345 3303 1853 3372 1444411114,44444444444444444(1414444).

515 3382 594 3432 Sabae
604 3383 745 3432 ιιι-4444444
756 3381 886 3434 44114444,
1292 3380 1327 3444 (4)
1345 3383 1516 3445 441144444444,
1529 3393 1614 3434 444444
1627 3387 1655 3434 44
1670 3387 1766 3438 1444444
1780 3389 1879 3452 (boire).

550 3461 585 3526 (4)
601 3461 630 3512 Jc
640 3459 704 3510 44444
720 3460 779 3524 qu'il
794 3462 845 3509 lanu
859 3459 921 3508 44444
935 3459 1060 3508 414144.»
1075 3485 1106 3498 -
1123 3459 1181 3523 loys
1292 3463 1327 3527 (4)
1346 3463 1486 3526 8414444444
1497 3481 1528 3517 oo
1545 3469 1754 3531 Salui-Theodora,
1772 3473 1803 3520 du
1828 3487 1882 3520 oum
1901 3475 1929 3522 de

514 3547 609 3588 444414
625 3551 749 3588 4444444444
766 3539 798 3586 44
816 3545 903 3588 molon
922 3537 952 3586 de
971 3539 1111 3598 1144444441,
1134 3553 1181 3602 pen
1261 3555 1304 3590 sou
1316 3543 1451 3604 1444444444,
1468 3551 1602 3596 monastero
1615 3549 1644 3596 do
1659 3549 1746 3598 l'ordre
1759 3551 1787 3597 44
1801 3551 1929 3599 Scins-be-

515 3617 621 3680 eloignde
630 3616 660 3666 de
669 3617 761 3666 4411444.
1260 3625 1322 3686 4444,
1341 3625 1413 3674 diabli
1430 3641 1460 3676 nu
1475 3635 1511 3676 vvv
1530 3629 1610 3690 444414,
1631 3631 1691 3680 dune
1710 3631 1732 3680 lu
1748 3645 1874 3682 commune
1901 3637 1930 3684 44

547 3695 582 3760 (4)
598 3697 627 3745 V.
636 3697 663 3746 Ρ.
672 3697 694 3746 l.
707 3696 830 3758 44414444,
842 3711 867 3762 p.
877 3701 928 3746 il..
1261 3702 1411 3770 Salui-Chol,
1423 3716 1509 3758 444444
1519 3709 1547 3760 44
1558 3711 1679 3776 Bourgoin
1688 3711 1780 3776 (14444).

546 3777 582 3842 (4)
599 3777 734 3920 {ladrum
751 3779 882 3830 mumulo
907 3777 1181 3832 deilllou-ccr-Clualu·
1294 3779 1328 3848 (4)
1345 3783 1649 3852 iocunde-Charinum,
1659 3794 1715 3854 pres
1724 3792 1751 3840 44
1760 3791 1888 3842 Gveooble.

517 3871 592 3907 ronne
673 3891 679 3906 .
