4314 6058
459 884 516 944 498
970 891 1078 952 rideas
1102 906 1356 953 tds'llilcttllllls.

458 1019 537 1082 hanc
552 1027 667 1083 cartam
682 1023 749 1084 sueri
764 1029 793 1110 et
808 1021 981 1103 sigillorum
996 1030 1170 1087 nostrorum
1184 1025 1309 1088 fecimus
1320 1024 1494 1088 testimonio
1509 1011 1659 1092 roborari.
1673 1027 1781 1094 Actum
1791 1045 1874 1094 anuo

456 1117 579 1182 Domini
596 1117 760 1184 millesimo
773 1121 983 1184 ducentesimo
992 1121 1140 1200 vigesimo
1152 1123 1251 1196 tertio,
1268 1139 1374 1186 mense
1388 1121 1491 1203 aprili.

774 1221 1105 1387 (Copicb—Archioea
1124 1207 1300 1304 denhem,
1318 1227 1461 1295 Araeoc'ce
1483 1233 1602 1303 Festos„
1622 1229 1744 1295 solome
1761 1235 1807 1305 lo,

846 1325 1051 1407 mmmm

1126 1547 1174 1602 ἣ

450 1695 720 1762 Rccoccaoc'sactcce
744 1697 821 1762 d'tcn
841 1697 958 1761 aeroice
979 1695 1096 1761 annuet
1120 1695 1157 1760 de
1183 1700 1220 1760 {2
1243 1695 1367 1760 deniers
1390 1715 1427 1758 en
1450 1695 1563 1777 senemr
1587 1693 1624 1758 de
1650 1691 1753 1758 t'aeoe'
1771 1705 1799 1758 ct
1822 1695 1866 1759 du
1941 1719 1945 1727 ·

488 1793 666 1972 aowin
688 1793 832 1879 d'Ac'aup,
855 1811 920 1878 par
941 1789 968 1859 lc
991 1799 1114 1857 rectene
1135 1790 1178 1854 dn
1197 1797 1278 1858 Pone
1299 1791 1342 1856 do
1362 1787 1468 1855 liddae
1492 1801 1520 1857 et
1540 1789 1584 1855 les
1598 1791 1710 1855 Frdres
1724 1791 1866 1876 pontisas

1063 2021 1137 2084 Juin
1155 2024 1244 2084 laid.

486 2157 550 2234 llgo
566 2155 738 2230 Gaumrius,
755 2151 994 2232 archipresbiter
1005 2153 1043 2215 de
1057 2153 1183 2228 Maiseu,
1201 2157 1302 2216 rector
1322 2153 1424 2234 pontis
1445 2153 1565 2216 Rodani
1587 2155 1808 2233 Lugdunensis,
1829 2163 1863 2219 et

445 2253 553 2315 iratres
568 2251 705 2330 ejusdem
722 2251 779 2314 loci
803 2257 910 2314 uotum
929 2251 1058 2312 iacimus
1081 2249 1230 2312 universis
1258 2255 1412 2329 presentes
1440 2249 1554 2311 litteras
1573 2250 1756 2329 inspecturis
1778 2251 1862 2332 quod

445 2348 632 2424 ll'illermue,
656 2347 751 2410 abhas
776 2345 1005 2422 athanacensis,
1030 2352 1061 2409 et
1088 2347 1180 2410 totius
1201 2347 1339 2426 ejusdem
1364 2345 1490 2410 ecclesie
1515 2355 1682 2412 conventus
1706 2347 1862 2430 quandam

444 2449 557 2506 terram
578 2443 616 2505 ad
635 2443 808 2506 dominium
822 2459 927 2506 eorum
950 2443 1152 2522 pertinentem
1175 2444 1355 2522 contiguam
1373 2443 1479 2506 domni
1498 2445 1599 2522 pontis
1619 2443 1750 2520 Rodani,
1767 2461 1861 2524 quam

442 2536 615 2602 willelmus
631 2537 668 2601 de
688 2541 768 2602 Fuer
781 2539 870 2603 nohis
887 2539 1075 2616 vendiderat,
1093 2539 1294 2603 laudaverunt
1307 2547 1336 2603 et
1355 2547 1572 2604 concesserint
1594 2541 1682 2605 nohis
1696 2539 1860 2605 tenendam

440 2642 471 2699 et
485 2635 611 2716 pacifice
632 2633 857 2716 possidendam,
874 2633 957 2698 salvo
976 2639 1077 2698 tamen
1097 2635 1166 2713 jure
1188 2635 1314 2699 dominii
1329 2638 1394 2710 sui;
1411 2637 1470 2700 hoc
1488 2638 1580 2701 etiam
1603 2643 1720 2702 retento
1732 2639 1812 2719 quod
1823 2639 1858 2703 in

440 2733 608 2796 mutatione
620 2733 739 2795 abbatis
753 2732 972 2796 athanacensis
985 2747 1037 2796 seu
1049 2730 1164 2796 solidos
1177 2733 1302 2796 tortium
1318 2733 1462 2812 deinceps
1476 2750 1531 2814 pro
1545 2735 1754 2814 recognitione
1769 2751 1859 2818 pres-

440 2837 504 2894 tare
516 2837 668 2906 teuemur,
685 2835 714 2892 et
724 2843 781 2910 pro
791 2829 898 2890 eadem
913 2833 993 2890 terra
1004 2827 1134 2908 singulis
1152 2829 1375 2892 aunisnomine
1386 2829 1505 2892 servicii
1516 2833 1576 2894 XII
1587 2832 1728 2896 denarios
1739 2831 1858 2914 Lugdu-

443 2929 547 2991 nensis
560 2934 693 2991 monete.
716 2929 762 3000 llt,
785 2941 931 3004 desuper
950 2925 1010 2986 hiis
1030 2923 1133 3006 aliqua
1152 2925 1298 2989 dubitatio
1317 2927 1518 3005 imposterum
1537 2927 1663 3002 oriatur,
1686 2935 1857 3008 presentem

442 3029 558 3086 ranam
577 3024 621 3086 cis
645 3019 850 3086 concessimus
868 3021 900 3082 in
924 3021 1133 3085 testimonium
1153 3021 1255 3102 sigillo
1274 3023 1375 3102 pontis
1400 3021 1518 3085 Rodani
1541 3023 1726 3088 roboratam.
1747 3026 1857 3092 Actum

441 3135 523 3185 anno
542 3119 663 3182 Domini
680 3119 791 3182 ll⁰CC⁰
801 3117 907 3194 altu,
923 3133 1027 3182 mense
1038 3119 1137 3198 J'unio.

1085 3221 1281 3304 (cactssolac'ce
1300 3223 1477 3289 manusc-rit
1492 3223 1638 3308 d'dc‘raay,
1655 3223 1684 3310 [δ
1699 3225 1773 3303 tl.)

420 3623 558 3694 accord
578 3635 663 3690 entre
688 3621 790 3689 dcdhc'
810 3633 838 3688 et
860 3623 902 3688 les
920 3621 1076 3708 religieux
1095 3621 1239 3706 d'Aiucy,
1258 3623 1350 3688 d’une
1367 3630 1456 3706 part,
1474 3627 1502 3686 et
1523 3621 1566 3686 tea
1586 3621 1697 3686 Fceres
1713 3620 1856 3705 pontisas

479 3721 516 3786 dc
529 3727 626 3806 lyon,
645 3719 767 3785 d'uutre
775 3729 860 3804 port,
878 3737 922 3784 dte
935 3719 1017 3804 sajet
1027 3717 1064 3784 de
1077 3716 1110 3786 la
1120 3715 1256 3803 chapelle
1270 3717 1315 3786 do
1329 3725 1409 3784 Pone
1425 3717 1469 3783 du
1481 3717 1587 3784 Rhoas
1604 3728 1633 3785 et
1645 3717 1681 3784 de
1688 3716 1855 3803 plecctentes

477 3816 676 3882 somessione
695 3815 855 3882 deterres.

1104 3951 1193 4013 ⁴226.

476 4083 675 4162 vuillermus,
693 4084 798 4160 abhas,
815 4089 846 4148 et
859 4085 1026 4151 conventus
1038 4081 1269 4158 athanacensis,
1285 4081 1429 4148 omnihus
1440 4081 1677 4163 imperpetuum.
1691 4081 1851 4144 Universa

435 4181 489 4246 tati
500 4189 597 4246 vestre
609 4187 716 4246 nomm
726 4181 855 4245 iacimus
865 4179 947 4261 quod
960 4195 1014 4244 nos
1029 4179 1174 4245 iratribus
1186 4179 1288 4258 pontis
1298 4177 1418 4248 Radani
1428 4177 1579 4259 capellam
1593 4179 1625 4241 in
1637 4178 1735 4258 capite
1746 4175 1851 4258 pontis

434 4279 576 4360 superius
596 4295 615 4342 a
632 4277 754 4341 sinistro
775 4275 869 4342 latere
890 4277 1094 4354 concessimus
1107 4275 1319 4352 edificandam,
1335 4279 1366 4340 et
1387 4281 1500 4339 terram
1519 4291 1612 4356 supra
1631 4271 1791 4338 ecclesiam
1815 4273 1851 4335 in

433 4376 502 4456 ripa
516 4373 636 4437 Radani
647 4389 746 4454 usque
765 4373 803 4438 ad
815 4373 970 4438 fornacem
982 4375 1130 4454 perpetuo
1144 4371 1361 4454 possidendam
1374 4372 1440 4434 sine
1452 4371 1621 4452 prejudicio
1629 4371 1709 4450 jnris
1722 4366 1850 4432 ecclesie

434 4469 537 4536 sancti
552 4466 708 4532 Michaelis
722 4473 752 4532 et
765 4468 893 4533 ecclesio
911 4471 1014 4534 Sancti
1034 4470 1164 4543 Nicecii3
1185 4475 1215 4534 et
1232 4467 1344 4534 debeat
1361 4470 1469 4532 iratres
1488 4467 1589 4549 pontis
1609 4465 1741 4547 singulis
1759 4466 1852 4529 aunis

433 4563 551 4629 solvere
562 4581 619 4646 pro
638 4567 845 4646 recognitione
858 4566 956 4646 ipsius
978 4564 1095 4646 capelle
1112 4573 1143 4630 et
1157 4572 1238 4630 terre
1252 4565 1457 4629 lausannensi
1468 4563 1594 4629 ecclesie
1611 4561 1763 4632 Vsolidos
1774 4577 1851 4626 cene

433 4661 535 4730 edales
547 4677 555 4735 3
567 4679 622 4727 nec
636 4670 795 4744 preceptor
812 4661 859 4726 vel
875 4661 966 4726 ceteri
985 4661 1093 4726 iratres
1114 4661 1215 4742 pontis
1227 4659 1310 4744 apud
1325 4660 1427 4728 sedem
1442 4661 1639 4742 apostolicam
1650 4659 1698 4725 rel
1714 4657 1850 4739 legatum

432 4759 569 4842 aliquem
581 4757 626 4824 vel
641 4757 734 4822 aliam
749 4775 911 4840 porsonam
932 4773 1097 4838 procurare
1112 4759 1230 4840 possint
1242 4756 1289 4822 vel
1313 4757 1425 4822 dehent
1439 4757 1639 4839 previlegium
1654 4755 1779 4838 aliquod
1799 4753 1848 4816 uel

432 4860 652 4940 exceptionem,
671 4855 723 4919 sed
739 4871 860 4935 semper
872 4853 963 4918 dehet
976 4853 1056 4918 dicta
1069 4853 1187 4935 capella
1201 4855 1233 4918 in
1249 4870 1286 4918 eo
1302 4859 1415 4934 puncto
1431 4861 1460 4918 et
1471 4859 1562 4931 statu,
1577 4855 1609 4918 iu
1622 4870 1685 4934 quo
1696 4852 1788 4917 mode
1802 4851 1851 4914 eis

431 4952 620 5029 conceditur,
633 4967 802 5015 remanere.
819 4955 958 5014 Preterea
968 4967 1023 5013 nos
1039 4949 1175 5014 adextro
1189 4947 1282 5012 latere
1293 4949 1420 5014 interius
1431 4951 1616 5014 contulimus
1628 4949 1733 5016 domui
1747 4949 1850 5030 pontis

432 5052 588 5146 quandam
600 5057 712 5116 terram
727 5047 856 5114 Rodano
872 5047 1057 5132 contiguam,
1071 5047 1149 5112 sicut
1160 5051 1232 5112 sunt
1243 5045 1367 5119 termini
1385 5047 1474 5128 positi
1493 5053 1523 5112 et
1536 5049 1657 5128 pretini,
1676 5045 1715 5116 de
1733 5045 1849 5132 quihus
