4314 6058
808 877 914 942 uiues
938 890 1192 942 resurrecturus.
1644 871 1697 935 stt

288 1007 416 1088 sugere
427 1007 476 1074 rei
489 1009 643 1086 eamme,
660 1015 716 1085 set,
732 1009 848 1090 sipuld
860 1009 952 1074 tuerd
966 1009 1139 1090 petenmm,
1152 1005 1391 1072 solvendnm'rel
1404 1001 1616 1086 uescendum
1630 1003 1706 1068 noti-

286 1106 340 1168 cia
353 1112 384 1168 et
395 1115 563 1170 conmotus
581 1105 721 1170 omnium
735 1105 865 1186 requirit
866 1151 925 1169 .....
949 1121 1022 1168 erim
1041 1104 1158 1184 aliquid
1178 1107 1318 1168 exaemm
1338 1102 1432 1166 tuerit
1451 1107 1482 1165 et
1495 1107 1651 1182 reoephrm
1673 1101 1705 1164 in

292 1201 382 1268 edens
384 1249 496 1268 .........
522 1202 657 1268 tiistemii
680 1201 835 1266 voluento
856 1201 996 1266 emnium
1015 1201 1196 1282 deponatur,
1218 1205 1253 1264 ut
1274 1213 1345 1264 cum
1366 1197 1481 1262 solueio
1499 1197 1638 1263 iacienda
1658 1195 1705 1262 rel

292 1298 422 1364 emenda
441 1299 605 1380 prestanda
614 1299 716 1377 luerit,
732 1299 856 1363 allectus
878 1299 998 1364 lacilins
1017 1298 1218 1378 mancipetur.
1235 1293 1282 1360 hd
1302 1297 1396 1373 hujus
1419 1295 1527 1359 ultime
1537 1286 1706 1358 'uoluntatis

293 1400 396 1460 nostra
407 1394 581 1458 secavimus
600 1401 631 1458 et
645 1396 821 1476 rogavimus
833 1402 925 1460 testes
942 1411 1075 1476 qnorum
1089 1393 1216 1458 nomina
1235 1393 1363 1457 inferius
1387 1393 1632 1466 subscribuntur,
1653 1389 1707 1456 sci·

293 1489 567 1566 licetPedeeunus,
590 1491 701 1566 (luido,
724 1491 968 1567 archidiaconus,
989 1489 1139 1571 open...
1155 1495 1273 1564 cautor,
1290 1487 1477 1552 Guillclmus
1492 1487 1530 1550 de
1544 1487 1705 1560 Marciaco,

289 1587 489 1662 camerarius,
509 1589 548 1652 R.
565 1586 604 1650 de
622 1589 816 1652 claremonte
832 1589 968 1664 sacrista,
987 1589 1078 1668 Hngo
1098 1587 1136 1650 do
1155 1585 1305 1662 vallibus,
1330 1593 1444 1663 custos,
1468 1582 1654 1650 Guillelmus
1667 1581 1707 1646 ds

293 1682 419 1761 Paluda
440 1683 675 1750 archidiaconus
694 1685 887 1759 Viennensis,
910 1685 995 1764 prior
1022 1683 1248 1764 predicatorum
1274 1681 1537 1761 Lugdunensium,
1566 1679 1707 1742 minister

294 1781 425 1848 tmhuru
441 1782 598 1847 minemm
616 1781 876 1862 Lugdunensium,
892 1781 993 1855 himo,
1008 1781 1181 1862 episcopus,
1197 1785 1227 1844 et
1245 1782 1290 1854 s„
1310 1779 1445 1843 decanus
1466 1777 1706 1854 matisconensis,

295 1877 409 1959 qui-ad
426 1879 610 1959 peticionem
632 1886 770 1944 nostram
795 1877 904 1959 sigillis
928 1879 992 1945 suis
1012 1883 1184 1960 presentem
1207 1878 1357 1942 cartulam
1375 1878 1582 1956 signaverunt,
1598 1879 1632 1938 et
1650 1889 1707 1938 nos

296 1973 397 2056 sigilio
406 1983 510 2040 uostm
524 1975 714 2040 firmavimus
728 1981 758 2040 et
771 1975 809 2038 ad
813 2021 924 2040 .........
941 1973 1068 2038 lecimm
1083 1971 1220 2053 sigillum
1233 1971 1358 2054 capituli
1373 1973 1502 2036 ecclesie
1521 1969 1709 2051 Lugdunen-

296 2071 347 2135 sis.
366 2073 592 2136 Testamentum
606 2077 746 2135 nostrum
766 2073 830 2136 sire
844 2070 988 2135 ultimam
999 2071 1188 2134 voluntatem
1208 2076 1355 2160 nostram,
1373 2085 1468 2148 quam
1482 2069 1610 2131 lecimus
1625 2067 1708 2148 apud

295 2169 441 2232 Sanctam
455 2167 589 2244 Galmer,
600 2167 701 2230 valere
713 2165 856 2230 nolumus
865 2165 1029 2240 ullatenus,
1045 2173 1090 2229 set
1101 2166 1223 2246 penitens
1235 2167 1268 2230 in
1280 2166 1402 2230 irritum
1413 2181 1601 2240 revocamus,
1612 2165 1708 2230 immo

295 2265 470 2346 expressius
479 2263 610 2327 diumus
621 2263 703 2344 quod
713 2263 740 2326 si
751 2261 868 2344 aliquid
880 2263 1087 2326 ordinavimus
1091 2309 1150 2325 .....
1162 2251 1324 2341 curjusli'het
1339 2262 1445 2325 ultime
1456 2259 1622 2326 voluntatis
1637 2277 1709 2342 qno

295 2374 356 2441 pue
371 2367 511 2440 tempore
524 2359 752 2424 ordinacionem
780 2361 874 2439 hujus
903 2362 1052 2441 presentis
1077 2360 1247 2424 testamenti
1251 2407 1310 2422 .....
1340 2359 1510 2422 invalidum
1534 2365 1566 2422 et
1586 2355 1709 2421 nullum

295 2457 392 2522 robur
419 2457 556 2538 optineat
588 2456 752 2520 firmitatis.
777 2457 886 2519 Actum
913 2473 993 2519 anno
1019 2455 1115 2535 gratie
1139 2458 1184 2518 ll⁰
1208 2458 1269 2519 CL⁰
1294 2457 1393 2518 xxxa
1423 2455 1575 2531 secundo,
1603 2469 1709 2518 mensa

309 2569 392 2620 unio.

293 2573 307 2633 J
576 2629 800 2716 (captant-
814 2629 1166 2718 Arche'oeojdulihdoe,
1188 2629 1337 2696 reuehe-
1352 2637 1448 2715 Apor,
1470 2627 1593 2696 volume
1614 2635 1665 2704 μ’,

655 2738 693 2791 u⁰
712 2727 773 2805 tl.)

975 2975 1024 3028 81

296 3132 411 3191 lettres
429 3143 495 3210 per
517 3123 676 3212 lesquelles
700 3128 889 3210 iterproerite
907 3127 945 3192 de
967 3129 1087 3211 aeuge',
1113 3125 1223 3210 femme
1244 3126 1426 3192 d’llumhert
1452 3126 1530 3191 Vde
1551 3123 1705 3210 Beeojee,

335 3225 500 3289 recouectt
515 3224 608 3290 eooir
622 3243 695 3303 repo
711 3219 745 3287 la
762 3222 942 3316 recusante
956 3223 1040 3290 duee
1055 3223 1092 3288 de
1104 3221 1139 3288 la
1155 3223 1281 3290 maisou
1299 3223 1336 3288 de
1356 3223 1480 3299 Cocieu,
1497 3230 1706 3308 apperteueee

336 3319 357 3384 d
382 3317 499 3386 l'ordre
519 3321 556 3386 de
578 3319 1019 3396 satec-Jeee-de-Jeuuetem,
1046 3338 1123 3385 actea
1138 3319 1172 3385 te
1189 3318 1327 3403 peamau
1347 3317 1491 3388 emotis
1512 3319 1549 3386 de
1572 3323 1613 3384 30
1632 3338 1709 3386 eoru

333 3415 416 3502 soth
437 3419 474 3483 de
491 3424 589 3506 Lyce,
612 3423 642 3484 et
662 3415 683 3482 d
707 3413 741 3482 lo
760 3415 925 3484 coeteros
944 3417 1014 3484 d’ere
1023 3435 1129 3502 puger
1147 3415 1190 3480 les
1210 3415 1306 3480 dettes
1334 3423 1363 3480 et
1383 3415 1435 3500 d'g
1459 3415 1633 3484 eatretece'r
1657 3417 1709 3482 sie

186 3509 207 3531 ⁸
334 3511 500 3598 caligem.

959 3649 1048 3712 tata.

335 3783 396 3846 Nos
410 3783 583 3863 Margarita,
597 3801 672 3848 uxor
681 3785 856 3860 iiumherti,
870 3783 985 3848 domini
1000 3783 1148 3862 Bellijoei,
1161 3783 1305 3848 omnihus
1319 3789 1473 3864 presentes
1486 3783 1604 3848 litteras
1614 3783 1708 3864 inspi-

293 3877 446 3944 cientibus
454 3880 500 3944 rei
512 3887 595 3960 geste
604 3883 746 3944 noticiam
762 3897 832 3946 curn
846 3879 952 3948 salute
966 3881 1158 3944 Universitati
1172 3887 1269 3944 vestre
1279 3879 1420 3944 volumus
1432 3881 1499 3944 lieri
1511 3882 1706 3946 menifestum

296 3975 378 4055 quod
393 3993 450 4040 nos
463 3977 666 4057 accepimusa
683 3980 776 4042 iratre
788 3981 957 4042 Bertrauno
972 3975 1010 4040 de
1028 3980 1128 4054 coms,
1150 3977 1259 4056 domus
1273 3973 1432 4056 hospitalis
1445 3977 1706 4042 iherosolimitani

295 4071 398 4149 priore
412 4073 513 4134 Sancti
526 4071 636 4149 ligidii,
655 4079 718 4136 eta
739 4075 832 4136 tratre
852 4073 1004 4148 Girherto,
1022 4077 1198 4152 preceptore
1211 4073 1245 4136 in
1256 4071 1445 4152 Burgundio,
1458 4071 1498 4135 de
1510 4087 1662 4136 consensu
1676 4079 1706 4136 et

295 4163 450 4230 voluumte
463 4167 560 4232 locius
580 4166 706 4249 capituli
725 4169 884 4248 hospitalis
904 4167 1033 4248 predicti
1051 4167 1135 4248 apud
1159 4167 1342 4246 Lugdunum
1358 4166 1511 4244 celebrati,
1527 4169 1653 4232 domurn
1669 4169 1707 4236 do

298 4262 374 4324 Gneo
387 4277 459 4326 cnm
478 4262 622 4328 omnihus
635 4265 832 4345 pertinenciis
846 4265 920 4339 suis,
936 4269 1061 4344 excepto
1076 4263 1168 4326 domo
1186 4263 1224 4326 de
1237 4263 1406 4328 Fordumin
1426 4279 1498 4328 cum
1508 4265 1707 4345 pertinenciis

294 4357 369 4432 suis,
383 4358 442 4422 aad)
452 4375 555 4424 annua
566 4361 711 4440 pensione
729 4363 815 4426 XXX
828 4359 999 4426 solidorum
1017 4359 1147 4424 lercium
1160 4357 1418 4438 Lugdunensium,
1434 4375 1512 4440 quos
1528 4361 1560 4424 iu
1578 4361 1707 4442 singulis

294 4454 383 4518 anuis
391 4463 561 4520 memorato
574 4458 709 4546 capitulo
721 4457 804 4538 apud
815 4459 1000 4538 Lugdunum
1012 4455 1193 4522 celebrando
1205 4456 1402 4537 promisimus
1416 4454 1545 4534 solvere,
1559 4460 1707 4538 quamdiu

265 4579 271 4588 -
293 4551 473 4629 urenmus,
489 4554 715 4633 possidendam,
732 4553 786 4620 tali
795 4555 974 4618 condicione
987 4553 1127 4634 apposita
1137 4551 1220 4634 quod
1233 4553 1365 4616 XXXIII
1376 4553 1471 4616 hhras
1484 4553 1616 4619 lercium
1631 4557 1707 4637 Lug-

294 4646 481 4712 dunensium
494 4641 526 4713 et
534 4651 587 4714 LX
600 4651 734 4716 asinatas
751 4649 846 4728 bladi,
867 4665 945 4730 quus
958 4649 1039 4713 dicte
1057 4649 1166 4712 domus
1179 4649 1317 4724 debehat,
1333 4647 1468 4728 plenarie
1483 4645 1705 4732 persolvemus,

294 4751 324 4808 et
337 4745 544 4825 possessiones
558 4747 637 4812 dicte
648 4747 758 4812 domus
770 4746 951 4820 donatione,
962 4744 1141 4810 vendicioue
1151 4743 1198 4808 vel
1212 4743 1413 4825 ohligacione,
1426 4751 1650 4827 permutatione
1662 4750 1707 4816 vel

293 4840 356 4906 alio
372 4842 465 4907 mode
477 4841 611 4909 alienare
623 4861 823 4926 nequeamus.
841 4845 918 4908 Cum
929 4847 1032 4906 autem
1045 4848 1154 4906 nature
1169 4841 1306 4906 debitum
1317 4859 1373 4906 nos
1387 4845 1560 4924 persolvere
1572 4849 1709 4929 eontige-

294 4937 345 5012 rit,
365 4937 430 5002 sire
449 4939 475 5002 si
494 4941 602 5004 inrita
616 4947 721 5004 nostra
736 4943 886 5022 prelatum
906 4939 1032 5004 domum
1052 4937 1141 5002 nohis
1162 4937 1314 5002 dimittere
1335 4939 1493 5018 placuerit,
1510 4945 1708 5022 promisimus

294 5033 374 5104 hene
386 5032 733 5116 ddeutipsamdcmum
743 5035 986 5102 ahomuidehito
1003 5035 1119 5119 quiam
1129 5033 1363 5101 dimittamuset
1373 5033 1544 5104 inmunem.
1557 5040 1589 5104 si
1606 5048 1707 5106 eutem
