4314 6058
1036 871 1140 946 minsas
1164 897 1417 946 tcsrrrrcarrtes

534 1561 549 1594 «
565 1545 600 1602 Le
620 1539 761 1624 altapetra
782 1540 932 1604 demando
954 1541 1222 1606 coaetanea-icatidas
1241 1541 1261 1602 d
1278 1541 1499 1623 moasciquear·
1520 1536 1729 1621 l’orcbereqne
1750 1536 1794 1600 du
1815 1532 1916 1599 'tacite'

832 1635 911 1720 qu'r'l
932 1637 1019 1700 avait
1040 1637 1102 1718 sirit
1124 1657 1195 1702 arec
1216 1635 1259 1700 tes
1282 1637 1422 1718 citopeas
1443 1633 1480 1698 de
1501 1645 1628 1718 Lyott.»

1105 1893 1229 1954 Janvier
1245 1895 1332 1955 l30i.

554 2129 726 2201 innomine
750 2133 883 2208 Domini,
907 2135 1012 2196 Amen.
1038 2138 1095 2198 Per
1110 2151 1234 2215 presens
1256 2135 1412 2215 publicam
1430 2135 1665 2197 instrumentum
1691 2131 1807 2193 cunctis
1828 2131 1926 2206 pateat

513 2223 671 2288 manifeste
685 2227 766 2306 quod
785 2246 865 2291 anno
882 2231 1005 2293 Domini
1021 2233 1184 2295 millesimo
1201 2233 1306 2295 gqqm
1322 2237 1440 2311 quarto,
1457 2230 1506 2293 die
1524 2229 1677 2290 dominica
1696 2233 1764 2305 post
1776 2223 1927 2286 circunci-

513 2317 630 2382 sionem
654 2324 787 2400 Domini,
813 2325 979 2389 indictione
997 2329 1094 2403 tertia,
1118 2329 1189 2390 sede
1210 2314 1559 2407 romanapermortem
1585 2325 1681 2388 lelicis
1707 2319 1926 2386 recordationis

475 2432 478 2440 ·
512 2413 627 2478 domini
640 2419 794 2484 Benedicti
807 2437 884 2501 pape
895 2424 1050 2496 undecim,
1066 2429 1101 2486 ut
1115 2425 1219 2497 lentur,
1233 2431 1369 2498 vacante,
1386 2425 1417 2486 in
1433 2423 1587 2502 presencia
1600 2422 1661 2484 mei
1676 2423 1692 2483 J
1695 2417 1825 2501 ohannis
1837 2415 1925 2478 Greci

512 2510 549 2572 de
564 2511 731 2590 ambianis,
745 2515 847 2580 clerici
859 2521 972 2598 publici
985 2524 1164 2586 auctoritate
1174 2524 1341 2602 apostolica
1354 2524 1475 2594 notarii,
1491 2528 1520 2582 at
1537 2521 1656 2584 testium
1668 2517 1924 2594 subscriptorum,

511 2607 651 2672 videlicet
664 2611 859 2692 dominorum
874 2617 1003 2678 beraudi
1017 2618 1054 2678 de
1067 2620 1154 2691 Sura,
1172 2617 1328 2680 Guillelmi
1343 2619 1380 2680 de
1390 2615 1585 2688 vasconiam,
1599 2615 1816 2678 canonicorum
1826 2607 1927 2671 Sancti
1958 2671 1961 2678 ,
2004 2635 2009 2645 ·

513 2703 599 2765 Pauli
614 2707 835 2784 Lugdunensis,
852 2711 967 2772 domini
983 2713 1061 2774 Petri
1074 2713 1111 2775 de
1128 2715 1276 2788 calcibus,
1290 2715 1422 2777 doctoris
1437 2715 1638 2785 decretorum,
1653 2710 1747 2774 donni
1758 2703 1928 2770 Guicbardi

468 2837 470 2842 -
512 2797 592 2875 Albi,
607 2803 784 2879 presbiteri,
800 2805 915 2867 domini
930 2807 1056 2868 Joilredi
1075 2808 1113 2870 de
1128 2795 1331 2884 Claromonte,
1354 2811 1470 2873 domini
1486 2810 1625 2890 lingonis
1644 2809 1682 2871 de
1696 2809 1831 2884 Mornay,
1848 2802 1929 2864 mili·

514 2901 634 2968 tumet
651 2897 933 2976 pluriumaliorum
951 2901 989 2964 ad
1009 2903 1066 2966 boc
1087 2921 1141 2982 pro
1160 2907 1285 2969 testibus
1306 2913 1491 2984 rogatorum,
1509 2903 1699 2968 venerabiies
1722 2903 1781 2966 viri
1807 2898 1926 2963 'domini

512 2989 704 3070 euillelmus,
721 2995 863 3070 decanus,
879 2999 1046 3072 lohannes,
1063 3007 1178 3074 cantor,
1195 3003 1361 3076 lohannes,
1386 3003 1581 3078 camerarius,
1603 2999 1766 3072 Briandus‚
1787 2995 1923 3068 sacrista,

511 3088 692 3166 Ludovicus,
705 3093 878 3171 prepositus
892 3097 1036 3166 Forverii,
1048 3099 1156 3160 Petrus
1168 3099 1205 3160 de
1219 3099 1380 3172 Sabaudia,
1394 3095 1586 3161 Guiebardus
1602 3095 1638 3158 de
1649 3094 1765 3166 balma,
1776 3091 1923 3156 Girardus
1955 3107 1960 3116 ·

514 3187 717 3262 tibamarcini,
734 3191 865 3254 lacobus
887 3193 925 3256 de
943 3195 1125 3270 Cbandiaro,
1147 3195 1330 3260 Guillelmus
1351 3196 1388 3258 dc
1408 3193 1587 3268 Sonavalle
1611 3194 1710 3272 Guigo
1731 3193 1769 3254 de
1786 3185 1921 3261 Bosolio,

514 3284 711 3362 llaymondus
722 3287 865 3362 Liatardi,
882 3293 973 3366 llugo
983 3290 1021 3353 de
1037 3293 1195 3367 Marciaco,
1208 3293 1341 3354 Thomas
1355 3300 1385 3354 et
1398 3289 1582 3356 Guilleimus
1598 3291 1634 3352 de
1648 3287 1805 3368 Beliijoc0‚
1821 3284 1923 3347 Ludo-

511 3380 597 3442 vieus
611 3379 649 3443 de
667 3383 860 3457 vassalliaco,
878 3387 1015 3449 canonici
1035 3387 1266 3464 Lugdunenses,
1289 3387 1405 3450 inducti
1427 3385 1630 3451 ecclesiastico
1651 3385 1768 3455 habitu,
1788 3382 1865 3444 siout
1884 3379 1925 3440 de

512 3475 646 3556 capitulo
672 3477 799 3542 ecclesie
830 3483 1042 3558 Lugdunensis
1061 3484 1206 3559 exierant,
1236 3489 1430 3546 accesserunt
1452 3483 1490 3544 ad
1517 3481 1719 3545 reverendum
1746 3480 1778 3541 in
1803 3476 1926 3541 Christo

511 3569 630 3649 patrem
641 3573 800 3637 dominum
815 3577 1010 3650 Ludorieum
1030 3580 1086 3642 Dei
1104 3580 1201 3656 gratia
1217 3579 1316 3657 prime
1341 3577 1552 3656 Lugdunensis
1570 3573 1696 3640 ecclesie
1717 3571 1926 3651 archiepisco-

513 3684 597 3746 pum,
611 3669 643 3730 in
664 3669 755 3734 domo
767 3687 823 3734 sua
836 3673 1087 3752 archiepiscopali
1110 3673 1316 3752 Lugdunensi,
1333 3679 1362 3736 et
1384 3671 1497 3736 ibidem
1513 3671 1666 3752 predictus
1680 3669 1823 3732 dominus
1835 3667 1928 3730 Guil-

514 3762 634 3838 lelmus,
650 3765 792 3842 decanus,
808 3783 864 3829 suo
881 3775 911 3830 et
925 3768 1130 3846 predictorum
1142 3769 1359 3831 canonicorum
1373 3767 1487 3830 ibidem
1500 3766 1696 3846 presentium,
1712 3761 1879 3825 volentium
1894 3767 1927 3824 et

513 3859 739 3936 mandantium,
762 3869 792 3924 et
815 3861 941 3942 capituli
964 3869 993 3926 et
1018 3863 1145 3926 ecclesie
1172 3863 1383 3942 Lugdunensis
1409 3863 1546 3937 nomine,
1574 3859 1731 3940 requisivit
1756 3857 1929 3938 predictum

514 3955 672 4018 dominum
687 3957 952 4038 archiepiscopum
974 3958 1006 4021 in
1027 3959 1110 4022 bunc
1129 3959 1273 4022 modum:
1298 3959 1436 4034 Domine,
1458 3974 1513 4021 nos
1533 3955 1738 4020 intelleximus
1763 3951 1844 4033 quod
1870 3969 1929 4015 ros

514 4065 612 4130 nuper
621 4051 660 4114 de
671 4055 748 4115 novo
760 4051 872 4115 tulistis
886 4054 918 4116 in
932 4055 1054 4140 scriptis
1065 4055 1231 4133 quamdam
1244 4055 1426 4117 sententiam
1442 4051 1647 4118 absolucionis
1662 4049 1813 4114 interdicti
1825 4047 1877 4110 lati
1893 4049 1929 4110 in

513 4147 593 4211 cives
609 4153 640 4210 et
658 4148 810 4212 civitatem
827 4150 1062 4228 Lugdunensem
1076 4167 1131 4230 per
1145 4150 1304 4213 dominum
1323 4148 1523 4214 Guillelmum
1537 4149 1662 4224 Bubali,
1680 4146 1752 4210 olim
1765 4141 1930 4208 officialem

513 4242 757 4334 Lugdunensem,
782 4246 961 4308 auctoritate
985 4246 1201 4309 ordinaria-ad
1228 4246 1410 4308 instanciam
1433 4245 1559 4324 capituli
1582 4243 1795 4324 Lugdunensis
1815 4245 1846 4303 et
1868 4255 1930 4319 pro

513 4339 632 4402 delictis
646 4343 676 4402 et
694 4340 865 4414 excessibus
880 4341 1030 4403 diciorum
1050 4343 1164 4404 civium
1186 4342 1367 4417 manifestis,
1391 4347 1420 4404 et
1442 4341 1591 4421 quasdam
1613 4339 1687 4403 alias
1711 4337 1931 4401 conventiones

513 4435 626 4498 fecistis
640 4452 711 4498 cum
724 4435 812 4499 dictis
822 4437 938 4500 civibus
954 4425 1020 4500 sine
1034 4453 1184 4502 consensu
1194 4437 1267 4500 dicti
1281 4439 1416 4518 capituli,
1429 4455 1489 4517 que
1501 4443 1628 4517 tangunt
1645 4429 1932 4516 ipsumcapitulnm

514 4537 543 4594 et
563 4530 733 4606 ecclesiam,
763 4537 853 4610 prout
878 4529 1102 4608 intelleximus;
1128 4533 1166 4596 de
1193 4533 1306 4613 quibus
1329 4533 1480 4596 sententia
1500 4539 1600 4594 vestra
1623 4527 1934 4594 et'conventionibur

514 4623 629 4690 litteras
645 4632 676 4688 et
689 4627 892 4690 instrumenta
910 4629 1117 4704 concessistis;
1141 4645 1237 4707 quare
1251 4645 1307 4692 nos
1325 4621 1432 4692 omnes
1449 4629 1500 4692 bic
1522 4633 1676 4708 presentes
1695 4632 1724 4690 et
1745 4641 1802 4704 ego
1816 4637 1887 4685 mee
1901 4629 1935 4686 et

399 4765 401 4772 ι
513 4721 640 4805 capituli
660 4728 690 4787 et
708 4721 833 4786 ecclesie
853 4723 1066 4802 Lugdunensis
1089 4725 1223 4798 nomine,
1244 4742 1297 4810 vos
1322 4726 1508 4805 requirimus
1535 4725 1679 4804 quatinus
1701 4721 1818 4786 faciatis
1839 4719 1935 4782 nobis

515 4821 581 4885 lieri
595 4827 625 4884 et
644 4819 710 4882 dari
730 4819 849 4898 copiam
868 4819 1008 4910 omnium
1029 4821 1234 4900 predictorum
1254 4821 1293 4883 ad
1314 4819 1400 4884 illam
1414 4823 1524 4904 ‚linem
1552 4820 1634 4900 quod
1657 4821 1682 4882 si
1703 4819 1781 4881 iacta
1801 4821 1872 4879 sunt
1893 4814 1934 4878 ad

515 4919 678 4980 utilitatem
688 4913 813 4980 ecclesie
827 4915 911 4996 etita
924 4917 1005 4996 quod
1019 4917 1147 4980 debeant
1156 4917 1273 4996 absque
1287 4915 1421 5008 dampn'o
1435 4923 1463 4979 et
1477 4915 1643 4996 prejudicio
1655 4913 1780 4979 ecclesie
1792 4911 1934 4986 tolerari,

515 5014 699 5088 tulmentum
714 5013 761 5076 sin
776 5018 877 5076 autem
892 5012 973 5092 quod
991 5030 1083 5093 super
1095 5013 1152 5076 boc
1168 5019 1339 5092 apponatur
1362 5013 1529 5076 remedium
1543 5009 1623 5090 quod
1646 5011 1755 5091 poterit
1769 5005 1937 5074 comodius
