4314 6058
1053 816 1160 880 ericus
1183 831 1436 880 rusrrrrctrnus.

1186 1087 1236 1144 ιο
1259 1081 1319 1148 bis.

542 1201 701 1305 mastica
716 1239 866 1326 dl'e'plisc
881 1241 1027 1329 (lelycis,
1042 1259 1106 1326 pur
1122 1238 1299 1306 duilluumc
1314 1239 1351 1304 de
1370 1239 1513 1324 Culignp,
1531 1239 1695 1316 cbecteiuc,
1712 1241 1756 1304 du
1770 1237 1902 1306 cheteus
1918 1238 1954 1302 de
2014 1200 2016 1204 y

638 1337 1023 1403 Solet-ltudrd-de-Btu'crd
1039 1339 1117 1404 etde
1133 1345 1201 1404 tutet
1215 1357 1247 1401 ce
1267 1337 1346 1422 qu't'l
1360 1337 1449 1404 uruit
1465 1337 1502 1402 de
1517 1337 1605 1402 droit
1624 1338 1645 1402 d
1662 1335 1854 1440 Ambrortup.

1203 1476 1212 1534 l
1222 1475 1253 1534 bl
1261 1475 1291 1537 3.

576 1602 639 1680 ugo
652 1601 824 1668 willelmus
838 1603 876 1666 de
892 1603 1063 1678 coloniaco,
1080 1603 1244 1668 eanonicus
1259 1603 1483 1684 Lugdunensis,
1500 1611 1606 1668 notum
1622 1605 1699 1668 iccio
1715 1603 1865 1668 uniuersis
1880 1616 1949 1680 pre

535 1699 671 1762 sentibus
699 1700 812 1777 pariter
823 1706 852 1760 et
872 1699 982 1764 futuris
1002 1699 1084 1780 quod
1104 1717 1162 1781 ego
1175 1707 1317 1764 'castrum
1332 1701 1434 1764 Sancti
1453 1701 1575 1764 Andree
1596 1717 1666 1766 cum
1691 1699 1907 1762 mandamento
1920 1703 1948 1762 et

535 1795 723 1876 appendiciis
735 1796 801 1874 ejus
813 1796 969 1872 omnibus,
983 1795 1130 1876 quicquid
1144 1795 1260 1862 ibidem
1270 1797 1434 1873 habebam,
1446 1797 1556 1860 donavi
1572 1800 1677 1860 Decet
1691 1794 1817 1860 ecclesie
1824 1795 1946 1873 Lugdu-

533 1894 631 1968 aeusi,
652 1893 883 1974 archiepiscopo
896 1893 1011 1957 seilicet
1027 1899 1058 1957 et
1074 1891 1220 1974 capitulo,
1239 1909 1295 1974 pru
1313 1893 1475 1958 animabus
1490 1895 1655 1974 petris-mei
1668 1893 1805 1958 Gauterli
1817 1892 1855 1956 de
1867 1889 1947 1955 Colo

531 1993 622 2072 ¹triaco
636 1996 667 2055 et
683 1988 828 2054 Willelmi
843 1990 880 2053 de
895 1988 1068 2066 coloniaco,
1080 1989 1222 2054 auunculi
1242 1990 1314 2066 mei,
1328 1996 1360 2053 et
1371 1991 1522 2069 lingonis,
1543 1993 1645 2054 fratris
1664 1991 1735 2066 mei,
1761 1997 1791 2052 et
1810 1987 1947 2051 omnium

532 2095 760 2152 autecessomm
771 2093 951 2151 meorumet
963 2095 1148 2162 mea,-etecs
1162 2089 1360 2168 corporaliter
1371 2087 1526 2162 investivi3
1543 2095 1584 2165 et,
1599 2093 1633 2151 ut
1643 2087 1847 2168 maiusrcbur
1860 2083 1947 2146 babe-

531 2192 579 2250 ret
599 2193 630 2250 et
648 2185 767 2248 tirmior
784 2190 863 2248 esset
883 2185 941 2248 bec
958 2199 1027 2248 mea
1040 2184 1174 2260 dorsuo,
1191 2187 1343 2248 Rusonem
1356 2184 1395 2248 de
1410 2187 1513 2248 Monte
1530 2187 1688 2250 Desiderio
1702 2191 1732 2248 et
1744 2179 1944 2253 Willelmum,

531 2283 630 2370 fllium
641 2283 718 2362 eius,
734 2281 842 2345 donavi
853 2280 966 2346 eisdem
981 2281 1013 2344 iu
1025 2281 1177 2358 homines,
1194 2281 1247 2360 qui
1261 2281 1440 2346 fidelitatem
1453 2289 1484 2346 et
1496 2279 1669 2348 hominium
1684 2283 1793 2362 ligium
1807 2281 1851 2343 eis
1868 2279 1948 2342 iace-

530 2389 606 2446 rent.
627 2381 689 2462 Ipsi
702 2395 775 2444 vero
796 2381 835 2442 de
855 2395 940 2442 mere
964 2376 1144 2442 liberalitate
1167 2393 1223 2441 sua
1236 2378 1428 2444 nominatum
1449 2385 1584 2443 castrum
1598 2375 1886 2444 mihicentulerunt
1908 2375 1943 2436 ed

528 2478 624 2540 vitam
632 2473 1381 2554 meamtanquamobedientiaric,etreddiderunt
1393 2472 1945 2556 talieonveuticnequodmesublatc

527 2573 566 2638 de
576 2573 688 2648 medic,
698 2573 794 2636 libere
808 2579 837 2635 et
851 2571 1000 2646 absolute,
1015 2571 1162 2636 sicutalie
1176 2587 1224 2636 res
1238 2568 1373 2646 ecclesie,
1385 2571 1425 2634 ed
1438 2570 1597 2636 ecclesiam
1611 2579 1789 2636 revertatur.
1802 2575 1943 2635 Preterea

527 2670 637 2735 dcuevi
649 2670 803 2734 nominate
817 2667 955 2744 ecclesie,
975 2669 1206 2748 archiepiscopo
1217 2675 1247 2732 et
1259 2665 1393 2748 capitulo
1408 2669 1535 2748 gardam
1549 2676 1578 2734 et
1592 2670 1739 2750 quicquid
1753 2669 1833 2748 juris
1844 2667 1941 2729 bebe-

525 2769 597 2832 bem
607 2768 639 2830 iu
651 2765 724 2830 villa
736 2765 773 2829 dc
785 2765 988 2829 Ambroniacc
999 2770 1029 2828 et
1041 2765 1074 2828 ln
1095 2765 1175 2828 villis
1189 2765 1475 2844 circumjacentibus
1488 2765 1561 2830 silla
1573 2766 1610 2831 de
1624 2767 1845 2838 Ambroniacc;
1865 2771 1897 2828 et
1912 2765 1941 2828 iu

526 2863 619 2943 hujus
636 2861 808 2942 donationis
819 2877 889 2924 mee
905 2861 1080 2924 firmitatem
1091 2865 1121 2924 et
1133 2861 1236 2936 robur,
1253 2861 1342 2926 dictis
1353 2863 1582 2944 archiepiscopo
1593 2869 1622 2926 et
1635 2863 1768 2943 capitulo
1783 2863 1893 2926 donavi
1909 2863 1938 2926 iu

525 2960 682 3024 bominem
698 2960 839 3021 Girinum
861 2960 993 3036 Lupum,
1018 2957 1206 3036 prepositum
1227 2973 1342 3020 meum.
1366 2961 1405 3022 Ut
1419 2965 1522 3022 autem
1540 2975 1634 3039 super
1650 2960 1807 3040 premissis
1822 2957 1935 3034 nullus,

524 3055 723 3119 dubitationis
738 3051 901 3132 scrupulus
912 3051 1039 3132 posteris
1050 3051 1251 3131 relinquatur,
1268 3061 1442 3132 presentem
1454 3054 1604 3117 cartulam
1619 3055 1662 3118 eis
1678 3055 1789 3118 tradidi
1801 3055 1835 3120 in
1857 3056 1940 3120 testi-

525 3151 664 3224 mouium
678 3147 771 3230 sigilli
785 3149 846 3212 mei
858 3147 1028 3212 munimine
1042 3148 1227 3212 roboratam.
1244 3149 1353 3212 Actum
1363 3167 1443 3213 enno
1459 3151 1582 3215 bomini
1597 3155 1640 3216 ut⁰
1652 3155 1819 3217 CC⁰Xlll⁰.
1929 3149 1931 3153 ’

769 3315 771 3318 ,
803 3241 1031 3412 (ονί9ίηαῐ.)-
1056 3241 1202 3311 Arcbiues
1225 3245 1269 3314 du
1294 3242 1411 3322 uidae,
1440 3249 1583 3314 armoire
1601 3247 1676 3324 lob,
1699 3245 1822 3315 volume
1845 3253 1896 3324 trs,

880 3353 918 3404 πθ
936 3347 986 3406 l‘f.
1309 3365 1312 3372 ’

1146 3519 1155 3538 l

565 3753 772 3819 Transactioo
793 3765 877 3821 cntra
901 3755 1031 3822 Recenti
1051 3755 1088 3820 de
1110 3765 1219 3831 Fores,
1244 3753 1429 3840 urcbccdpue
1453 3754 1490 3819 de
1510 3761 1606 3842 Lyca,
1630 3765 1658 3818 ct
1679 3751 1897 3828 Gur'clrurdde
1959 3824 1967 3834 ,

614 3855 797 3936 Montapny,
816 3867 859 3916 ott
872 3852 953 3937 srp'ct
966 3853 1002 3916 dc
1013 3849 1045 3917 lc
1055 3871 1158 3939 poppe
1172 3853 1210 3918 dc
1225 3851 1337 3917 Gieors
1348 3858 1377 3916 et
1389 3849 1434 3918 du
1450 3850 1581 3917 ateana
1599 3849 1636 3916 de
1647 3857 1841 3934 Moruupnp..

1118 3993 1151 4054 st
1168 3991 1236 4070 juin
1253 3985 1341 4055 tdtt.

561 4124 736 4199 unbertus,
753 4123 809 4187 Dei
830 4123 926 4203 gretia
941 4125 1050 4189 Sancte
1075 4123 1257 4188 Viennensis
1274 4118 1402 4187 ecclesie
1418 4121 1569 4198 minister,
1592 4127 1622 4186 et
1646 4121 1783 4202 ejusdem
1809 4119 1932 4183 ecclesie
2026 4181 2031 4186 .

519 4219 698 4301 capitutum,
714 4219 858 4285 omnibus
869 4219 902 4282 in
916 4224 1109 4300 perpetuum.
1123 4222 1237 4284 Notum
1250 4219 1289 4282 sit
1302 4217 1446 4282 omnibus
1461 4223 1524 4280 tam
1536 4217 1727 4298 presentibus
1743 4217 1933 4298 quamtacu-

519 4315 562 4378 ris
573 4315 656 4396 quod
670 4329 742 4378 cum
755 4315 834 4380 inter
847 4315 1054 4392 Rainaudum,
1068 4315 1303 4396 Lugdunensem
1320 4314 1596 4396 archiepiscopum,
1613 4319 1643 4378 et
1660 4314 1830 4394 capitulum
1849 4313 1933 4392 Lug-

518 4410 656 4474 dunense
669 4427 707 4474 ex
719 4427 780 4474 uua
791 4416 888 4490 parte,
899 4417 930 4476 et
944 4411 1155 4477 dulchardum
1166 4411 1205 4478 de
1218 4411 1410 4476 bicutauiecc
1423 4417 1455 4474 et
1467 4409 1624 4474 dominam
1638 4411 1793 4485 Blanccm,
1805 4423 1931 4472 uxorem

517 4507 593 4586 ejus,
610 4523 648 4569 ex
662 4504 767 4582 alters,
787 4504 975 4587 multiplices
988 4513 1019 4572 et
1035 4510 1119 4573 varie
1140 4505 1266 4588 querele
1280 4511 1480 4582 verterentur,
1497 4505 1619 4570 taudem
1631 4508 1787 4571 communi
1805 4521 1932 4568 assensu
1963 4593 1969 4598 ·

518 4609 549 4667 et
562 4618 706 4683 expresse
718 4597 884 4680 voluntate,
900 4603 933 4666 in
950 4603 1149 4679 Willelmum,
1166 4604 1317 4668 decenum
1333 4603 1578 4682 Lugdunensem,
1595 4609 1626 4665 et
1646 4605 1781 4680 Petrum,
1803 4617 1932 4682 precen-

518 4707 628 4774 torem,
648 4705 678 4762 et
698 4700 880 4762 Duraunum
900 4698 939 4762 de
957 4697 1067 4774 Pedio,
1090 4705 1120 4764 et
1141 4699 1330 4765 Willelmum
1350 4699 1491 4776 liicardi,
1508 4705 1538 4762 et
1561 4699 1727 4774 Gillonem,
1751 4699 1934 4763 canonicum

517 4798 731 4872 Viennensem,
756 4801 786 4858 et
806 4795 981 4860 Umlridum
1004 4794 1042 4859 de
1063 4795 1234 4874 Marchant,
1259 4801 1290 4860 et
1308 4795 1479 4875 Aymunem
1504 4793 1542 4857 de
1563 4794 1661 4872 Tella,
1686 4802 1718 4859 et
1740 4795 1933 4860 Bernardum

516 4891 667 4957 d’Escctai
688 4891 876 4954 unanimiter
889 4889 1173 4971 compromiserunt,
1188 4908 1278 4956 suum
1303 4891 1558 4971 compromissum
1582 4897 1643 4954 tam
1663 4899 1744 4956 certe
1763 4895 1934 4972 quantitate

516 4987 645 5072 pecunie
658 5003 752 5070 quam
766 4985 980 5066 fidejussorum
994 4985 1190 5052 satisdatione
1203 4985 1359 5064 vallantes,
1376 4986 1586 5070 promittentes
1600 4994 1634 5058 ut
1654 4988 1800 5078 quicquid
1818 5005 1935 5071 supra-

2147 5091 2149 5130 l

2147 5133 2149 5168 l
