4314 6058
474 869 530 928 titt
982 845 1087 930 orions
1110 879 1365 929 rusurrcnrrvrs.

472 1005 609 1078 tempore
624 1015 685 1080 quo
703 999 783 1063 bene
797 1003 827 1064 et
845 1000 877 1064 in
891 1015 966 1082 pace
979 1005 1056 1076 enat,
1071 1013 1143 1064 oum
1155 997 1356 1079 ipsointegre
1376 1012 1432 1078 per
1446 996 1550 1062 omnio
1569 997 1608 1062 de
1620 1003 1723 1063 cetero
1738 999 1769 1062 in
1784 1005 1889 1079 poste-

470 1114 541 1161 rum
554 1097 714 1162 obtinebit.
730 1097 840 1162 nouum
850 1115 930 1162 enno
942 1098 1198 1163 abincornatioue
1210 1095 1334 1161 Domini
1344 1099 1388 1162 Μο
1400 1098 1460 1160 00ο
1471 1097 1589 1170 Xllil0,
1600 1099 1658 1161 ΧΙο
1671 1095 1795 1160 kalend.
1804 1096 1885 1175 julii.

470 1192 517 1258 nd
530 1193 679 1274 maiorem
693 1193 786 1274 igitur
800 1199 830 1258 et
846 1201 1027 1277 perpetuam
1042 1194 1139 1259 tocius
1154 1194 1273 1273 negocii
1287 1193 1475 1269 firmitatem,
1493 1191 1533 1255 ad
1545 1208 1651 1273 preces
1667 1199 1698 1256 et
1709 1193 1889 1258 mandatum

459 1291 630 1372 utriusque
644 1291 738 1372 portis
752 1297 781 1354 et
794 1307 977 1356 consensum
993 1305 1185 1373 expressum,
1209 1295 1383 1371 presentem
1398 1295 1514 1352 cartam
1530 1290 1683 1354 conscribi
1702 1290 1839 1365 fecimus,
1859 1298 1888 1352 et
1905 1335 1909 1344 .

469 1385 642 1466 sigillorum
662 1393 837 1452 nostrorum
859 1390 1036 1462 munimine,
1051 1389 1201 1453 roborari.
1218 1389 1339 1450 batum
1357 1401 1414 1466 per¹
1432 1401 1559 1450 manum
1582 1388 1662 1452 Petri
1683 1387 1721 1451 de
1743 1389 1887 1463 florenis,

470 1485 850 1550 Viennensls'cancellarii.

729 1579 901 1666 (original.
921 1617 962 1630 -
986 1579 1132 1648 Arciloco
1156 1579 1200 1645 du
1227 1579 1347 1654 Rbmte,
1375 1577 1521 1644 Armctre
1550 1579 1632 1654 God,
1659 1578 1721 1646 eol.
1747 1584 1803 1656 33,

809 1689 845 1744 no
862 1681 929 1758 lor.)
1649 1683 1655 1694 ¹

470 2059 677 2125 Trutnoctlon
705 2070 790 2128 entre
812 2060 915 2129 l'obbe'
931 2063 1076 2148 d'Ainop,
1101 2063 1196 2130 d'une'
1210 2072 1297 2150 punt,
1323 2072 1350 2130 et
1371 2065 1572 2140 dormientia,
1599 2062 1718 2138 Piceno,
1740 2062 1881 2131 Etienne,

505 2155 610 2222 Dauid
637 2169 664 2223 ct
687 2161 818 2242 Jccqces
838 2159 875 2226 de
899 2160 1069 2248 llcpzt'cuu,
1091 2159 1214 2228 daune
1229 2169 1316 2245 part,
1342 2179 1386 2227 au
1402 2159 1486 2244 sajet
1504 2159 1541 2226 de
1559 2158 1593 2224 la
1620 2158 1702 2224 dimo
1721 2157 1758 2221 de
1780 2153 1886 2220 Solut-

507 2257 638 2318 bonnet.

1133 2367 1220 2428 tito.
1260 2414 1262 2425 .

506 2492 700 2568 Ruinaudus,
721 2495 775 2558 Dei
797 2496 895 2576 gratia
914 2497 1014 2577 prime
1032 2497 1246 2576 Lugdunensis
1268 2497 1394 2562 ecclesie
1415 2497 1553 2560 minister
1578 2493 1716 2569 humilis,
1739 2493 1884 2555 omnibus

466 2589 701 2670 imperpetuum.
718 2591 913 2658 Universitatl
927 2597 1025 2654 vestro
1038 2593 1182 2658 uolumus
1196 2593 1263 2656 lieri
1277 2593 1475 2657 manifestum
1489 2593 1571 2673 quod
1590 2608 1661 2655 cum
1679 2589 1885 2655 controversia

465 2687 633 2748 vereretur
655 2685 736 2748 inter
750 2684 910 2751 eeclesiam
921 2687 1178 2752 Atthanacensem
1195 2705 1232 2752 ex
1244 2705 1306 2752 una
1320 2695 1416 2770 parto,
1431 2695 1464 2754 et
1485 2689 1728 2762 Constantinum,
1745 2689 1882 2756 Petrum,

466 2781 670 2862 Stephanum,
687 2783 784 2848 David
799 2789 828 2847 et
839 2783 989 2848 iacobum
1004 2783 1041 2848 de
1056 2785 1182 2862 Moiseu,
1197 2785 1316 2862 inatres,
1329 2803 1368 2850 en
1382 2783 1487 2861 altera,
1498 2801 1594 2866 super
1608 2783 1758 2846 decimam
1779 2781 1883 2844 Sancti

465 2879 578 2952 Boniti,
601 2879 724 2943 tandem
745 2879 826 2943 dicta
843 2881 968 2961 querela
987 2883 1085 2962 sopita
1106 2883 1164 2945 luit
1182 2883 1213 2946 in
1235 2883 1318 2947 huno
1332 2883 1458 2948 modum
1473 2899 1480 2945 :
1497 2883 1569 2946 dicti
1590 2881 1616 2944 sl
1633 2879 1757 2960 quidem
1774 2877 1884 2940 inanes

467 2990 559 3038 omne
570 2975 663 3054 iuuet
673 2976 826 3054 usagium,
841 2977 923 3056 quod
935 2977 995 3058 ipsi
1009 2977 1152 3042 dicebant
1163 2995 1196 3042 se
1208 2979 1321 3044 habere
1334 2979 1366 3042 in
1381 2979 1462 3043 dicto
1482 2979 1601 3042 decima
1614 2975 1659 3040 rel
1676 2977 1707 3038 in
1726 2975 1878 3053 menagio,

466 3087 537 3136 cnm
555 3071 731 3148 juramento
749 3072 933 3138 remiserunt
952 3079 982 3138 ot
1003 3075 1123 3155 penitus
1145 3075 1356 3156 guirpiverunt
1374 3075 1589 3140 Attbouaeensi
1610 3073 1746 3138 ecclesie.
1777 3073 1881 3136 nobas

466 3173 572 3230 sutem
592 3173 622 3262 et
643 3175 810 3234 conventus
831 3170 1066 3236 Atthanocensis
1091 3171 1216 3238 ecclesie
1235 3179 1453 3237 concesserunt
1479 3173 1662 3253 supradictis
1687 3169 1831 3233 iratribus
1853 3176 1884 3231 et

465 3261 632 3328 heredibus
643 3281 750 3330 eorum
768 3283 821 3330 sex
835 3269 981 3332 sextarios
1002 3269 1145 3348 siliginis,
1160 3273 1192 3332 et
1209 3285 1306 3332 unum
1321 3271 1488 3332 sextarium
1508 3269 1654 3332 immenti
1671 3274 1703 3331 et
1715 3267 1884 3330 retrodeci-

464 3376 548 3426 mam
561 3362 660 3426 tocius
674 3361 800 3440 decime,
818 3364 921 3428 tamin
936 3365 1087 3429 frumento
1098 3379 1191 3444 quam
1203 3363 1235 3426 in
1245 3362 1377 3446 siligine,
1390 3364 1484 3428 ordeo
1498 3371 1529 3428 ot
1541 3380 1645 3428 avena.
1662 3365 1885 3429 concesserunt

465 3459 558 3522 etiem
571 3459 659 3523 dictis
670 3460 815 3524 iratribus
826 3475 949 3524 omnem
961 3459 1112 3525 decimum
1124 3459 1186 3522 vini
1198 3466 1228 3523 et
1239 3459 1390 3524 decimam
1400 3459 1591 3540 leguminum
1605 3467 1635 3523 et
1648 3458 1744 3524 milei.
1760 3461 1884 3522 Decima

464 3569 537 3617 uero
551 3569 702 3634 agnorum
715 3561 745 3618 et
759 3555 897 3620 omnium
911 3555 1092 3620 animalium
1106 3554 1144 3621 ad
1157 3553 1269 3619 dictam
1280 3553 1440 3620 ecclesiam
1455 3553 1553 3620 libero
1567 3557 1741 3636 pertinebit,
1758 3559 1885 3633 excepte

410 3687 413 3693 ·
463 3647 667 3713 retrodecima
694 3666 753 3730 que
772 3648 913 3715 similiter
930 3649 1018 3714 dictis
1041 3651 1186 3714 iratribus
1209 3657 1256 3715 est
1277 3667 1430 3716 concessa.
1454 3653 1620 3716 Sciendum
1638 3667 1761 3732 quoque
1782 3651 1882 3731 quod,

464 3745 565 3810 leuata
580 3747 664 3811 omni
679 3745 797 3810 ‘decima
818 3746 944 3827 predicti
963 3745 1142 3828 principalis
1159 3745 1253 3824 bladi,
1271 3752 1434 3828 antequam
1455 3746 1494 3810 ad
1516 3761 1640 3812 orreum
1660 3748 1884 3810 monachorum

464 3849 645 3923 reportetur,
662 3841 735 3906 dicti
749 3841 858 3906 lratres
871 3843 918 3906 rel
932 3857 1039 3908 eorum
1054 3843 1185 3906 nuncius
1197 3849 1243 3906 ost
1262 3841 1417 3906 vocandus
1432 3847 1465 3904 ut
1486 3857 1574 3906 suam
1595 3843 1745 3924 recipiant
1765 3845 1885 3924 portio-

463 3949 547 4004 nem.
562 3941 602 4004 Ut
618 3943 722 4004 autem
736 3939 793 4002 hec
806 3937 987 4020 compositio
1000 3939 1090 4002 tinne
1103 3945 1134 4002 et
1149 3936 1357 4002 irrevocabilis
1369 3943 1550 4018 perseveret,
1566 3937 1639 4001 dicti
1653 3940 1772 4014 inanes,
1786 3956 1885 4022 prop-

463 4041 509 4100 ter
522 4036 579 4098 boc
593 4051 654 4116 que
667 4035 699 4098 in
715 4034 832 4116 prelata
848 4035 967 4098 decimo
978 4033 1038 4098 sibi
1048 4049 1192 4098 concessu
1210 4041 1283 4098 suut
1304 4039 1333 4098 et
1348 4041 1473 4116 propter
1486 4031 1563 4097 alies
1583 4037 1802 4116 possessiones,
1820 4053 1884 4116 que

463 4133 502 4197 ab
520 4129 649 4198 ecclesio
666 4138 780 4206 tenent,
796 4129 974 4195 fidelitatem
995 4139 1024 4196 et
1043 4131 1217 4196 hominium
1238 4131 1454 4196 lltthanaconsi
1475 4128 1602 4195 ecclesie
1613 4133 1783 4197 subierunt.
1795 4135 1831 4198 Et
1843 4153 1885 4200 ne

462 4247 556 4312 super
567 4229 725 4314 premissis
739 4229 842 4308 aliqua
855 4229 954 4292 valeat
971 4228 1172 4312 imposterum
1185 4228 1304 4308 questio
1316 4227 1460 4302 suboriri,
1478 4243 1543 4302 nos,
1558 4228 1596 4290 ad
1618 4245 1724 4308 preces
1735 4232 1882 4312 partium,

463 4331 634 4408 presentem
653 4331 769 4389 caram
787 4341 842 4404 per
862 4323 1062 4404 alphabetum
1085 4323 1215 4388 divisam
1231 4323 1384 4404 jndefieri
1405 4323 1549 4404 etslgillo
1564 4333 1667 4390 nostro
1687 4341 1758 4390 curn
1780 4329 1885 4409 sigillo

463 4422 587 4488 ecclesie
598 4422 830 4486 tttnanacensis
845 4421 971 4486 lecimus
985 4421 1018 4484 in
1030 4421 1240 4492 testimonium
1254 4421 1404 4486 roborari.
1421 4424 1530 4486 Actum
1545 4439 1626 4487 anno
1642 4425 1766 4488 Domini
1779 4426 1887 4490 mille-

465 4521 543 4584 simo
559 4522 620 4585 00ο
639 4520 720 4582 XX0.

1104 4621 1301 4704 (cartulaire
1316 4625 1494 4692 monasterii
1509 4625 1654 4709 d'ic'ncg,
1678 4627 1707 4706 sa
1727 4633 1843 4712 Coie.)
