4300 6054
552 806 590 865 98
895 821 1059 872 ourrusmn
1081 823 1120 872 uu
1141 806 1275 871 u’isaursu
1297 823 1337 870 un
1358 819 1593 870 uros-nour.

551 937 734 1002 custodibus
749 939 859 1002 Sancte
873 941 979 1004 crudis
996 959 1052 1022 pro
1064 942 1209 1005 luminari
1226 945 1240 1004 Ι
1255 955 1407 1020 grossum.
1424 941 1556 1004 sacriste
1568 941 1671 1004 Sancti
1686 941 1835 1020 Stephani
1859 941 1964 1006 eadem

549 1051 642 1100 causa
653 1039 667 1098 Ι
679 1051 831 1114 grossum.
847 1037 1050 1102 Thesaurario
1061 1038 1187 1102 ecclesie
1201 1037 1304 1102 Sancti
1319 1038 1471 1102 iohannis
1484 1053 1540 1116 pro
1549 1037 1707 1114 luminari,
1720 1053 1800 1118 pena
1818 1044 1850 1102 et
1861 1039 1964 1104 laboro

548 1130 654 1196 altaris
667 1139 697 1196 et
713 1133 851 1196 thesauri
864 1137 878 1196 Ι
892 1151 1045 1213 grossum.
1066 1132 1254 1198 matriculari
1274 1133 1377 1196 Sancti
1399 1133 1551 1196 iohannis
1574 1147 1630 1212 pro
1654 1129 1801 1198 luminari
1819 1141 1852 1197 et
1872 1135 1963 1198 misse

550 1227 723 1293 matutinali
741 1233 756 1294 Ι
771 1247 924 1310 grossum.
947 1232 1103 1296 Sacerdoti
1121 1230 1288 1296 celebranti
1303 1245 1449 1310 magnam
1468 1231 1607 1302 missum,
1624 1227 1764 1306 diacono,
1777 1230 1964 1294 subdiacono

550 1325 686 1400 cuilibet,
699 1323 782 1394 ultre
795 1328 982 1408 porcionem,
1000 1329 1196 1392 Vldenarlos
1217 1326 1430 1392 viennensium
1449 1325 1501 1408 (Ι).
1517 1329 1554 1390 Et
1573 1326 1599 1390 sl
1620 1329 1696 1391 lorte
1713 1325 1786 1392 dicti
1807 1327 1963 1406 sexaginta

550 1421 640 1484 solidi
650 1421 690 1484 od
702 1420 890 1486 solucionem
904 1423 1080 1503 hujusmodi
1089 1439 1152 1486 nou
1164 1420 1350 1497 sufficerent,
1366 1422 1454 1486 datet
1468 1421 1549 1500 legat
1558 1429 1705 1505 perpetuo
1716 1439 1779 1486 una
1790 1439 1863 1486 cum
1876 1421 1962 1486 dictis

551 1519 708 1598 mumma
719 1517 837 1595 solidis,
849 1536 921 1584 casu
937 1519 1182 1600 prodictootuou
1191 1520 1291 1596 aliter,
1306 1519 1415 1598 viginti
1428 1519 1542 1582 solidos
1551 1521 1776 1594 viennensium,
1786 1537 1863 1599 quos
1873 1520 1962 1584 situet

550 1621 581 1676 et
592 1615 727 1694 assigna
746 1631 840 1696 super
851 1615 985 1697 quodum
999 1623 1087 1697 prato
1101 1632 1157 1680 suo
1167 1615 1317 1696 sitoapud
1327 1615 1446 1690 Tarius,
1463 1616 1496 1678 in
1512 1617 1626 1696 riparia
1637 1617 1675 1680 do
1690 1617 1815 1688 ltoibet;
1831 1631 1961 1696 quorum

547 1711 655 1790 vigildi
663 1711 833 1776 solidorum
842 1712 1030 1776 solucionem
1041 1709 1146 1776 vultet
1157 1713 1293 1794 precepit
1306 1712 1374 1778 fleri
1385 1729 1440 1792 per
1454 1713 1701 1791 prenominatum
1718 1715 1844 1776 tratrem
1857 1727 1959 1784 suum,

550 1807 687 1890 quondm
695 1808 825 1884 frixerit,
845 1815 875 1872 ot
895 1815 965 1889 pest
987 1809 1053 1887 ejus
1073 1815 1205 1872 mortem
1217 1823 1274 1888 por
1294 1809 1427 1890 prelatos
1441 1809 1960 1890 dominosobedionciariosquibus

550 1921 645 1988 supro
657 1905 749 1970 modo
764 1913 795 1970 et
808 1907 907 1970 torma
921 1907 1076 1987 predictis.
1091 1909 1169 1970 item
1182 1907 1233 1970 dat
1244 1913 1274 1970 et
1286 1907 1366 1986 legat
1375 1907 1502 1970 sacriste
1515 1907 1594 1970 dicte
1606 1907 1822 1986 Lugdunensis
1833 1903 1959 1969 ecclesie

549 2004 846 2093 perpetuoquinque
857 2004 970 2067 solidos
981 2005 1204 2080 viennensium,
1222 2003 1280 2068 sub
1294 2005 1475 2068 mndicione
1489 2003 1571 2084 quod
1589 2001 1705 2084 pulsari
1718 2003 1808 2066 iaciat
1824 2018 1959 2082 grossam

549 2113 731 2180 campanam
744 2099 794 2162 die
808 2101 877 2163 tosti
890 2099 970 2164 beati
987 2097 1116 2176 Claudii,
1134 2100 1220 2163 horis
1241 2099 1404 2163 consuetis.
1422 2101 1505 2162 Obiit
1524 2101 1651 2180 iuquam
1666 2097 1809 2162 Aviniuni
1831 2097 1883 2178 (il,
1913 2097 1960 2160 die

548 2195 668 2260 xxml
679 2197 810 2276 augusti,
824 2211 906 2260 auno
918 2195 1034 2262 domini
1049 2199 1095 2262 ΙΙο
1111 2199 1194 2262 ΙΙΙο
1204 2199 1322 2262 LXXX.
1333 2196 1443 2260 Anime
1456 2197 1521 2274 ejus
1534 2198 1700 2276 requiescat
1710 2195 1742 2259 in
1754 2209 1838 2276 pace.
1852 2195 1957 2258 Amen.

549 2295 626 2358 Item
645 2289 756 2374 legavit
781 2293 876 2358 mmel
896 2293 1012 2376 capelle
1031 2295 1118 2358 beate
1135 2294 1229 2360 llario
1253 2293 1431 2372 magdalene
1445 2292 1537 2370 hunius
1559 2292 1684 2356 ecclcuo
1707 2293 1813 2356 decem
1833 2291 1959 2354 boronus

549 2390 617 2454 auri
641 2405 699 2474 pro
719 2389 824 2456 docem
842 2390 946 2456 solidis
966 2389 1160 2472 ucqrurendis
1183 2405 1238 2470 pro
1261 2405 1317 2452 suo
1344 2389 1551 2454 anniversario
1582 2387 1698 2452 ibidem
1719 2387 1860 2468 quolibet
1880 2403 1959 2450 enno

550 2485 687 2552 iaciendo
698 2501 754 2566 per
767 2486 928 2553 duodecim
941 2485 1136 2568 cappellanus
1148 2490 1320 2568 perpetuos.

588 2627 643 2676 vu.
658 2641 739 2660 --
751 2611 902 2676 Obieruut
915 2609 1023 2692 Aymo,
1039 2609 1133 2675 abbas
1143 2616 1173 2674 et
1184 2609 1309 2684 doctor;
1331 2617 1420 2674 -et
1438 2611 1592 2692 otgarius,
1613 2611 1723 2683 laicus3
1736 2643 1777 2656 -
1788 2615 1819 2672 et
1830 2609 1958 2689 Stopba-

550 2723 619 2784 nue,
646 2707 741 2774 abbas
765 2708 838 2791 (3);
870 2743 912 2756 -
933 2714 964 2772 ot
984 2707 1161 2783 zacharias,
1188 2707 1352 2771 canonicus
1376 2713 1407 2774 ot
1427 2709 1642 2783 subdiaconus,
1669 2709 1723 2788 qul
1745 2707 1828 2770 dedit
1852 2709 1958 2770 Sancto

550 2805 705 2886 Stephano
726 2821 822 2868 unam
844 2804 1003 2868 marcham
1033 2803 1150 2884 argenti
1178 2817 1248 2866 cum
1267 2803 1406 2868 cocleari.
1430 2805 1527 2868 -Et
1547 2803 1736 2868 Gislabertus
1757 2803 1884 2868 debari
1906 2801 1955 2884 (Ι).

549 2902 725 2976 canonicus,
745 2901 800 2980 qui
824 2899 907 2964 dedit
928 2899 1039 2964 Sancto
1064 2899 1218 2980 Stephano
1234 2899 1368 2980 cyphum
1389 2916 1461 2964 cum
1481 2899 1609 2965 cocleari
1633 2905 1664 2964 et
1687 2915 1795 2980 capam
1811 2915 1915 2974 uuam,
1931 2905 1958 2962 et

548 2997 669 3062 tertiam
691 3001 809 3078 partem
830 2995 947 3060 decime
971 2993 1132 3076 parrochie
1155 2995 1256 3059 Sancti
1279 2995 1370 3059 Cirici
1389 2994 1442 3077 ld),
1458 3002 1488 3060 et
1518 2995 1669 3062 decimum
1686 2995 1725 3060 de
1747 2995 1843 3062 Goisel
1859 2995 1900 3076 (6)
1920 2997 1958 3057 nd

549 3092 776 3174 procurandum
804 3092 998 3158 relectorium
1020 3091 1054 3156 in
1076 3091 1125 3155 die
1143 3091 1342 3156 anniversarii
1362 3092 1421 3157 sui.
1466 3161 1470 3172 .

517 3193 521 3202 ’
589 3233 631 3286 vt.
643 3249 725 3264 -·-
738 3215 889 3280 Obierunt
901 3197 1078 3290 bredaldus,
1090 3213 1239 3296 presbiter
1252 3220 1283 3278 et
1299 3214 1464 3279 canonicus
1480 3215 1536 3298 )Ι);
1551 3249 1592 3262 -
1605 3221 1635 3280 ot
1653 3219 1780 3292 Franco,
1793 3217 1903 3292 laicum
1915 3251 1953 3264 -
2065 3257 2069 3262 -

547 3321 641 3396 atque
664 3313 772 3378 mnia
795 3311 929 3385 lemina;
952 3316 1040 3375 -et
1060 3309 1238 3384 Zacharias,
1265 3311 1455 3384 monachus;
1478 3345 1519 3360 -
1538 3317 1569 3378 et
1592 3313 1763 3378 Dalmatius
1788 3313 1950 3388 Vichardi,

547 3409 712 3476 monicus
728 3415 759 3472 et
775 3408 865 3486 levite
886 3406 944 3488 (8),
962 3407 1015 3490 qui
1029 3405 1113 3469 dedit
1123 3405 1212 3470 beato
1231 3405 1387 3486 Stephane
1401 3421 1459 3487 pro
1471 3397 1678 3472 anniversario
1692 3426 1748 3474 suo
1773 3417 1870 3474 torres
1883 3429 1955 3492 quas

547 3505 681 3574 babebat
700 3503 783 3586 apud
808 3507 954 3568 Sanctum
977 3503 1144 3568 mutinum
1171 3501 1209 3566 de
1235 3501 1370 3568 Planicie
1391 3501 1443 3586 (9),
1461 3509 1492 3568 et
1516 3504 1594 3569 duas
1615 3505 1748 3570 adunus
1767 3523 1956 3586 racemorum

547 3603 693 3672 debitales
701 3599 783 3682 apud
795 3599 907 3680 Ripem
919 3599 958 3664 de
968 3599 1042 3662 Gier
1053 3598 1076 3679 (l
1084 3597 1163 3678 0),et
1171 3602 1290 3678 partem
1303 3597 1389 3662 illam
1397 3615 1491 3680 quum
1505 3599 1655 3682 Aymarus
1666 3603 1819 3667 Guicharu
1829 3604 1957 3670 babebat

547 3702 581 3766 iu
591 3699 710 3766 decima
727 3711 788 3778 que
801 3702 846 3760 est
858 3697 890 3760 in
905 3695 1067 3776 parrochia
1079 3694 1118 3758 de
1131 3693 1209 3758 Celsi
1225 3692 1298 3776 (ll),
1314 3700 1344 3758 et
1354 3697 1397 3760 XI
1414 3695 1526 3770 libras3
1538 3705 1567 3762 et
1582 3697 1709 3762 ecclesia
1724 3699 1873 3768 concessit
1886 3703 1913 3766 ei
1927 3703 1956 3766 in

579 3976 613 4042 (l)
632 3973 699 4032 Getta
708 3973 850 4037 written
859 3972 967 4022 esteusvi
976 3961 1046 4021 b'ldte
1057 3977 1081 4020 et
1089 3983 1214 4032 neeompv·
1293 3967 1347 4030 dus,
1359 3973 1439 4032 preire
1454 3979 1477 4018 et
1488 3971 1604 4020 omacius
1613 3972 1642 4021 do
1656 3971 1836 4024 Sciet-Etlonne
1849 3975 1877 4023 de
1888 3973 1960 4036 buon,

546 4059 605 4122 gnte
614 4056 655 4106 dcv
665 4057 754 4104 mmor
763 4061 825 4104 mets
833 4069 863 4102 en
871 4067 961 4118 nem.
1294 4047 1366 4097 rlvvtt
1376 4061 1406 4096 ee
1419 4047 1466 4096 l’en
1480 4051 1549 4098 tooe.
1566 4049 1606 4113 (Ι.
1618 4051 1686 4100 cen.
1700 4051 1730 4100 vla
1744 4053 1858 4116 savigny,
1870 4065 1897 4115 p.
1906 4055 1960 4109 rav,

578 4133 613 4198 (2)
628 4135 737 4198 Δήμου
746 4131 891 4197 (venelone).
1089 4139 1092 4148 ·
1293 4127 1332 4178 ab.
1343 4129 1405 4186 lm
1415 4139 1441 4178 et
1451 4129 1559 4194 d’biney,
1570 4146 1594 4194 p.
1604 4135 1661 4193 dot,
1674 4135 1730 4194 ΙΙΙ,
1742 4135 1780 4182 eb.
1792 4135 1823 4184 db
1834 4133 1915 4194 med.)

576 4213 611 4278 (Ι)
628 4213 812 4262 Probablenvent
828 4211 944 4274 Etienne,
963 4209 1026 4260 sent
1044 4209 1075 4258 de
1098 4209 1212 4272 savigny,
1325 4207 1360 4271 (8)
1376 4208 1486 4258 nulum
1496 4211 1617 4260 Gnlnhvrl
1636 4213 1693 4260 ttrit
1709 4212 1825 4260 ebenoine
1840 4213 1873 4260 dn
1887 4221 1962 4272 tempe

546 4295 654 4344 vendi!
663 4291 701 4356 (V.
711 4293 741 4342 Δ.
751 4291 866 4353 Bermrd,
876 4291 953 4340 notioe
962 4303 1005 4342 eur
1015 4289 1093 4338 labbe
1106 4289 1136 4337 dv
1144 4289 1213 4336 Suri·
1293 4287 1323 4336 de
1336 4285 1498 4352 l'e'rcbevtque
1514 4290 1644 4348 Guiobvrrl,
1654 4305 1707 4338 vars
1725 4295 1794 4340 llud.
1811 4291 1830 4340 ll
1839 4291 1911 4338 viruit
1918 4304 1960 4336 en·

545 4385 604 4436 guy,
617 4378 647 4422 en
659 4369 937 4432 undecennium.
949 4367 1211 4432 increpandorum,
1293 4377 1349 4414 aare
1366 4379 1395 4414 en
1408 4367 1478 4428 1201,
1496 4369 1556 4416 malr
1573 4377 1671 4416 mourut
1690 4377 1761 4418 avent
1781 4373 1850 4417 llud.
1872 4369 1908 4430 (Ι.
1929 4371 1962 4414 ri-

546 4449 608 4500 ebbt
618 4448 788 4510 d'Ainemors
797 4447 920 4509 tlemlld.
933 4455 951 4495 t.
964 4451 988 4507 Ι,
1001 4437 1172 4494 netiee'obvon.
1183 4457 1212 4492 en
1293 4447 1372 4508 apres,
1385 4445 1410 4494 Ρ.
1419 4445 1442 4492 J.
1455 4453 1494 4494 nv·
1505 4451 1528 4507 t,
1539 4449 1577 4506 lb,
1590 4450 1619 4494 lt
1630 4455 1654 4496 et
1667 4445 1716 4510 ΙΙ.)
1747 4453 1750 4460 ·

546 4532 593 4579 itte
604 4526 636 4575 vlu
651 4523 744 4576 Gertul.
762 4525 875 4587 d'binuyr
898 4533 922 4574 ct
938 4525 1058 4585 bullioud,
1070 4525 1212 4588 Lugdunum
1324 4521 1360 4586 (b)
1376 4523 1681 4586 suscitarem-leutius,
1695 4533 1782 4576 οιαωι
1801 4525 1829 4576 de
1848 4525 1962 4576 nivue-

546 4605 714 4668 ncroprepu,
726 4603 832 4664 tndux,
846 4617 870 4665 p.
883 4603 935 4667 05.)
1292 4601 1459 4665 Gierssolre).
1614 4603 1616 4610 ’

578 4683 613 4749 (ι)
630 4701 645 4728 ι
655 4683 689 4730 be
699 4683 777 4742 loen
790 4696 848 4732 mss.
861 4681 890 4730 de
901 4679 991 4734 lcblbl.
1004 4681 1033 4730 de
1042 4679 1119 4744 Lyon.
1323 4679 1374 4745 (tt)
1390 4681 1596 4744 loire-dedier,
1608 4686 1814 4736 accendissement
1832 4685 1862 4734 dv
1882 4685 1961 4733 Seiun-

578 4761 612 4828 (Ι)
629 4759 965 4822 sltnrcyr-nu-uonv-eor.
1292 4761 1402 4814 Eumne,
1516 4770 1520 4778 ·

578 4839 614 4910 ld)
630 4858 645 4886 ι
655 4839 732 4902 Gaul,
745 4857 759 4884 ι
771 4853 827 4888 mss.
842 4839 871 4886 de
883 4839 905 4887 le
916 4837 1015 4887 bibliis
1026 4837 1101 4900 byon.
1324 4837 1376 4901 (ll)
1391 4854 1405 4882 ι
1417 4837 1516 4901 Coysln.
1529 4855 1544 4885 ι
1554 4840 1672 4902 -Gcire,
1690 4855 1816 4892 commune
1831 4842 1863 4891 dn
1874 4849 1962 4890 neten

579 4915 613 4982 (Ι)
630 4933 644 4962 ι
659 4917 758 4976 Cantor,
770 4931 785 4960 ι
804 4928 861 4964 mes.
879 4913 909 4962 de
925 4915 1006 4964 lbralr.
1015 4937 1048 4952 -
1063 4914 1099 4962 ΙΙΙ
1113 4913 1212 4966 ruunt-
1293 4916 1323 4966 de
1332 4915 1702 4980 decumbemus-locutus
1715 4919 1829 4984 (ΙΙΙιὸιιο).
