4330 6050
590 835 756 888 onrnnm
777 835 815 882 or
836 815 971 884 s’risusr
991 833 1031 884 nr
1051 831 1284 882 trau-usas.
1601 821 1638 882 29

227 955 383 1037 primitiva
395 955 523 1040 emissis
536 951 730 1032 Lugdunensi
742 947 906 1012 mosaicus
920 944 1068 1020 emditns,
1083 945 1248 1010 incivitate
1265 946 1457 1014 cabannensi
1478 948 1516 1028 (ll
1531 951 1569 1018 ab
1581 952 1640 1018 nec

227 1055 295 1120 luco
318 1053 469 1142 migrarit,
489 1052 522 1116 in
542 1047 669 1116 emissis
689 1047 818 1112 lrslrum
838 1041 1160 1124 Augustoduuensium
1182 1041 1372 1106 inhumatus.
1396 1046 1546 1122 &pusato
1571 1063 1642 1110 roro

224 1169 307 1216 anno
317 1139 1167 1228 millesimoqosdnngmtesimotrigesimon0a0,ju1ta
1178 1153 1296 1202 morem
1308 1140 1403 1204 ouda
1420 1141 1580 1214 Romane,
1593 1143 1643 1209 dte

226 1248 329 1312 laetare
349 1245 552 1316 Hierusalem,
566 1244 620 1304 llll
642 1240 760 1312 martis,
782 1237 891 1300 ductus
911 1241 957 1298 est
979 1236 1017 1298 ed
1042 1235 1199 1298 ecclesiam
1221 1237 1323 1300 Sancti
1349 1238 1476 1300 loannis
1502 1239 1642 1318 Lugduni

227 1344 392 1407 associatus
402 1338 646 1420 processionibus
660 1335 788 1400 civitatis
811 1340 840 1395 et
854 1333 1001 1412 cymbalis
1014 1331 1202 1408 sonantibus,
1214 1333 1246 1396 in
1264 1333 1366 1398 medio
1380 1333 1466 1400 chori
1481 1337 1640 1416 repositus,

227 1441 320 1503 missa
329 1437 459 1502 solemni
470 1435 631 1500 celebrata,
648 1431 777 1496 Donavit
797 1429 929 1510 capitulo
954 1444 1075 1491 crucem
1101 1443 1187 1490 suem
1201 1429 1491 1510 archiepiscopalem
1513 1431 1645 1500 deama-

228 1544 302 1611 lam,
331 1536 391 1599 duo
416 1532 598 1597 candelabra
621 1533 782 1610 argentee,
808 1527 868 1590 duo
894 1525 1078 1610 pulvinaria,
1104 1523 1179 1588 duas
1205 1541 1350 1607 mappas,
1374 1543 1472 1590 unane
1493 1529 1640 1604 emulum,

228 1633 373 1705 tunicam,
388 1627 591 1700 dalmaticam,
611 1641 708 1689 unum
731 1637 866 1704 pannum
884 1622 920 1684 de
946 1620 1046 1684 veluto
1066 1621 1154 1699 nigro
1172 1621 1331 1702 inquibus
1351 1621 1492 1704 dalphini
1504 1627 1644 1691 seminati

228 1727 375 1801 deaurati,
391 1733 421 1790 et
445 1725 632 1803 octingentos
655 1721 780 1784 ducatos
793 1719 866 1782 boni
878 1717 945 1780 auri
960 1733 1016 1798 pro
1038 1725 1168 1797 quatum
1181 1719 1395 1782 anniversariis
1409 1719 1538 1799 singulis
1556 1723 1644 1786 annis

228 1821 374 1887 iaciendis
391 1835 476 1886 more
494 1817 706 1891 cardinalium,
721 1815 857 1896 qualibet
874 1813 924 1878 die
936 1815 1024 1892 jovis,
1047 1815 1079 1876 in
1097 1821 1228 1895 quatuor
1238 1815 1427 1896 temporibus
1438 1817 1642 1896 Jejnniorurn,

229 1933 300 1982 oum
312 1917 425 1998 vigiliis
437 1916 661 1988 detunctorum,
673 1911 795 1992 etquod
807 1912 840 1974 in
863 1910 1001 1992 quolibet
1013 1910 1218 1975 anniversario
1230 1911 1452 1978 distribuantur
1466 1920 1534 1977 octo
1546 1915 1644 1978 lronci

231 2019 361 2077 monetae
374 2013 456 2092 regis
472 2011 608 2076 Francia
622 2010 659 2073 de
677 2007 825 2074 reditibus
843 2006 979 2070 emendis
1001 2013 1031 2070 ot
1052 2005 1268 2074 distribuendis
1284 2009 1416 2074 dominis
1439 2011 1591 2074 mnonicis
1617 2017 1647 2074 et

237 2111 383 2173 ministris
394 2111 491 2190 ipsius
502 2108 646 2173 ecclesian.

273 2250 428 2308 vnn-1-
435 2233 585 2296 obierunt
596 2230 719 2303 Silvius,
735 2229 1037 2300 subdiaconns;-et
1052 2227 1258 2308 Hermungira
1270 2231 1474 2304 lemida-et
1484 2232 1643 2306 delemus,

235 2327 391 2404 diaconus,
405 2329 461 2409 qni
473 2329 556 2392 dedit
568 2327 607 2390 sd
622 2327 757 2392 tabulam
770 2324 939 2388 taciendam
953 2323 1030 2386 duas
1041 2323 1147 2386 uncias
1161 2324 1239 2400 auri,
1250 2329 1281 2388 et
1297 2325 1336 2388 ad
1355 2325 1522 2390 claustrum
1536 2327 1650 2408 rigenti

235 2425 507 2508 quiaqnesolidos.
520 2422 712 2504 -lltl’avis
733 2421 857 2484 lamina
869 2453 906 2468 -
920 2418 1026 2482 Simon
1046 2417 1084 2480 de
1106 2421 1242 2496 Marseu,
1268 2421 1359 2486 levita
1380 2427 1411 2486 et
1431 2429 1532 2488 custos
1548 2425 1650 2490 sancti

132 2545 137 2555 ¹
237 2522 384 2602 Stephani
402 2520 454 2604 li),
468 2521 522 2601 qui
534 2519 659 2600 reliquit
672 2520 781 2582 &ncta
795 2515 950 2596 Stephano
964 2519 1080 2594 partem
1093 2530 1181 2578 suam
1200 2516 1317 2582 decime
1339 2519 1378 2582 de
1394 2519 1516 2598 caignis
1533 2519 1571 2600 (3)
1594 2537 1650 2600 pro

237 2619 357 2684 duobus
371 2617 585 2681 anniversariis
599 2613 767 2700 honorilice
786 2611 943 2684 iaciendis,
965 2626 1061 2674 nuum
1085 2611 1225 2689 gencrale
1247 2613 1390 2690 omnibus
1418 2614 1535 2678 clericis
1556 2617 1651 2680 bium
1724 2650 1727 2660 ·

237 2715 443 2788 ecclmirrnm,
460 2719 490 2776 et
503 2713 586 2776 aliud
598 2711 729 2791 simplex
741 2725 797 2790 pro
809 2709 912 2772 anima
924 2721 980 2770 sua
993 2711 1023 2770 et
1034 2705 1193 2769 animabus
1205 2715 1406 2790 parentumet
1425 2711 1651 2776 benelactorum

240 2825 375 2886 snorum,
391 2811 424 2874 iu
437 2809 549 2890 qubus
560 2805 757 2887 cappellanus
771 2803 873 2868 sancti
884 2799 1015 2865 Romani
1025 2805 1056 2864 et
1069 2801 1154 2880 prior
1170 2805 1272 2867 Sancti
1286 2804 1395 2868 libani
1409 2805 1560 2885 integram
1579 2824 1653 2888 per-

240 2909 354 2990 cipiant
374 2893 630 2988 procurationem.
657 2902 796 2982 Precepit
815 2899 908 2964 etiam
924 2897 1007 2979 quod
1027 2897 1060 2960 in
1073 2897 1182 2962 diebus
1205 2899 1357 2966 dictorum
1374 2901 1652 2969 anniversariorum

241 3007 347 3086 viginti
359 3002 567 3070 mordentesia
576 2998 707 3079 siliginis
717 2997 903 3078 pauperibus
916 2999 1089 3074 erogentur.
1104 2995 1197 3074 Operi
1211 2996 1337 3076 majoris
1353 2997 1489 3064 meloda
1499 3001 1655 3080 maenala

242 3102 355 3168 solidos
377 3100 483 3172 dedit;
508 3095 617 3176 majori
648 3093 821 3158 elemosina
852 3097 974 3156 matum
996 3091 1203 3154 momentesie
1218 3093 1351 3172 siliginis
1367 3094 1465 3170 dedit,
1492 3103 1522 3160 et
1542 3097 1654 3162 minori

243 3199 410 3277 sexaginta.
1421 3207 1424 3214 ’

284 3337 337 3384 ur.
352 3353 433 3366 -·-
447 3319 596 3382 obierunt
607 3312 780 3380 Beruordus
789 3313 895 3385 laicus,
911 3309 964 3391 qni
976 3311 1059 3374 dedit
1070 3310 1215 3374 iratribus
1227 3327 1324 3374 naum
1338 3328 1480 3378 mansum
1494 3315 1526 3380 in
1539 3321 1657 3400 Spinis·

244 3433 295 3480 cas
307 3415 346 3496 (l)
362 3431 371 3489 ;
385 3419 467 3477 -ct
481 3411 579 3486 Abho,
595 3411 734 3476 sacerdos
748 3409 985 3480 etanachoreta3
996 3411 1077 3468 -et
1090 3405 1189 3480 Fleus,
1205 3407 1363 3480 sacerdos;
1378 3441 1420 3454 -
1432 3417 1463 3474 et
1472 3415 1655 3494 Stephanus,

246 3511 391 3584 clericns;
405 3544 447 3556 -
465 3516 495 3573 et
513 3509 697 3587 Frotgerius,
723 3505 885 3570 oenomms
897 3520 904 3578 ;
917 3509 999 3566 -et
1021 3501 1229 3576 Bomdonuus,
1251 3502 1352 3579 levita,
1369 3507 1422 3584 qni
1439 3502 1525 3572 dedit
1547 3513 1657 3577 Sancto

247 3608 401 3688 Stephano
414 3607 512 3670 nnnm
526 3605 653 3686 cipburn
667 3607 844 3682 argenteum
856 3617 926 3664 eum
936 3598 1077 3673 cocleari,
1091 3603 1122 3661 et
1136 3597 1168 3660 in
1185 3598 1344 3664 refectorio
1354 3618 1451 3666 unum
1462 3609 1588 3674 mandis
1599 3626 1606 3682 ;
1618 3646 1659 3658 -

248 3712 278 3769 et
289 3703 457 3768 Dalmatius
469 3703 580 3767 llorels
605 3701 657 3782 (5),
682 3695 822 3779 Lugduni
839 3697 1038 3770 senescalcus,
1060 3695 1114 3774 qni
1133 3695 1290 3760 constituit
1306 3699 1548 3770 conversoriam
1565 3723 1658 3770 snum

248 3799 473 3880 singulisannis
486 3797 658 3860 laciendum
673 3811 765 3876 super
778 3794 1002 3874 preposituram
1026 3805 1119 3870 qnam
1141 3791 1302 3870 acquuivit
1321 3794 1403 3874 apud
1422 3800 1568 3865 Sanctum
1589 3805 1662 3868 Ger-

248 3912 374 3960 manum
397 3895 449 3976 ldl,
472 3910 528 3974 pro
552 3893 739 3964 animaene,
770 3887 923 3970 patrissui
944 3895 974 3952 et
985 3887 1101 3962 mauu,
1114 3892 1145 3950 et
1164 3887 1262 3952 mults
1284 3892 1428 3972 erpemn
1447 3894 1485 3958 ds
1504 3914 1561 3960 suo
1581 3902 1662 3980 apud

284 4112 438 4175 (tideliora.
916 4153 917 4156 ,
954 4115 958 4181 j
1027 4105 1061 4170 (t)
1078 4104 1111 4153 Ge
1128 4105 1239 4154 balneus
1251 4105 1326 4156 Uorol
1340 4107 1413 4157 risrlt
1424 4107 1457 4158 dn
1470 4117 1546 4174 temps
1562 4113 1590 4162 de
1607 4116 1665 4164 lsr-

281 4189 316 4254 (s)
333 4191 917 4252 sinonunsru„eneotstess-nuenne,tult
998 4187 1119 4247 eborique
1129 4183 1258 4241 autmari,
1276 4199 1330 4234 ven
1346 4188 1414 4236 ¹¹8²·
1433 4186 1470 4252 (l.
1486 4191 1664 4254 chunenutss.

249 4283 324 4317 nmo
336 4271 367 4318 du
379 4271 457 4333 depes
467 4271 549 4320 Uldrle
563 4271 663 4334 Rolalirt.
677 4269 713 4334 (V.
727 4271 807 4320 Pidess
815 4269 915 4332 justino.
999 4263 1155 4324 minorans,
1167 4276 1192 4324 p.
1203 4262 1269 4328 tut.)
1280 4263 1300 4312 ll
1311 4264 1347 4314 lat
1356 4270 1451 4316 onterrt
1461 4268 1519 4318 dans
1527 4270 1616 4336 l'tgliso
1625 4273 1668 4324 St·

249 4347 373 4409 cluunt,
385 4363 401 4411 p
423 4347 489 4411 itte.)
505 4349 540 4396 En
555 4351 624 4410 till,
639 4349 657 4397 il
669 4349 797 4398 sensoririt
811 4349 833 4398 is
844 4355 918 4398 ustr-
999 4339 1065 4402 ΡΝΙ,
1074 4340 1135 4388 *1³⁸5
1143 4354 1188 4403 illle
1195 4339 1321 4403 l'npprend
1328 4341 1350 4390 l·
1358 4350 1483 4396 tsstnmsnt
1491 4347 1520 4396 de
1528 4362 1571 4398 eoo
1580 4365 1665 4412 nmen,

250 4436 317 4476 nur
330 4427 360 4476 ts
374 4428 478 4476 insen
487 4427 602 4484 clesma,
620 4443 650 4476 a·
666 4430 726 4476 latr
738 4429 801 4476 solat
811 4429 841 4476 de
850 4427 919 4478 null·
1000 4419 1084 4482 appele
1094 4419 1158 4468 ausu
1173 4419 1282 4468 numan
1296 4419 1393 4472 llorels
1410 4439 1425 4468 s
1439 4425 1572 4476 ...Eodem
1588 4429 1669 4480 suen

248 4501 329 4550 lune
339 4501 368 4552 ts
385 4501 602 4563 Salute-Colornbo,
615 4510 639 4552 ot
652 4509 751 4552 mourut
766 4506 837 4567 apres
849 4505 919 4552 titt.
1001 4497 1067 4547 Penii
1089 4497 1270 4560 Lugdunensis,
1291 4499 1333 4548 nbi
1350 4515 1427 4550 meam
1443 4503 1505 4568 eligo
1521 4507 1668 4569 sepultm

252 4579 292 4642 (ll.
304 4581 416 4642 alapres,
428 4565 587 4642 Pitoesl'nst„
595 4591 633 4632 nv
644 4585 675 4631 dd
684 4589 709 4630 st
719 4580 770 4646 to.)
1001 4593 1056 4630 eum
1069 4579 1167 4628 domim
1177 4579 1281 4628 berardo
1293 4581 1365 4644 d'dyn
1375 4589 1430 4636 enta
1444 4587 1562 4638 tumulum
1578 4589 1670 4638 tanim

285 4659 320 4722 (Ι)
336 4661 428 4724 cugny,
438 4667 525 4710 mles
534 4659 728 4712 metueremus
738 4659 850 4726 (Μαι).
1002 4661 1116 4712 balneoli
1130 4661 1233 4720 flocelli,
1245 4663 1366 4724 qnondam
1380 4668 1492 4720 anuali
1502 4670 1560 4731 nel,
1571 4670 1602 4719 do
1616 4672 1670 4735 lego

285 4737 322 4802 (t)
338 4739 500 4802 amasset,
518 4742 577 4803 prbr
593 4742 624 4790 ds
639 4731 763 4803 Trdvoox,
782 4743 875 4804 appelli
892 4755 922 4790 nn
1003 4755 1032 4789 nx
1049 4739 1123 4788 libras
1141 4739 1316 4792 viennensium.
1333 4741 1414 4806 (dreit.
1434 4747 1466 4796 dn
1484 4747 1580 4812 libone,
1596 4751 1668 4814 ngas,

251 4824 290 4862 ιι·
300 4813 371 4864 stols
381 4815 515 4876 capnon.
525 4833 540 4861 ι
550 4814 588 4879 (V.
598 4833 612 4862 s
621 4813 758 4868 tuentem
768 4831 845 4866 sorno
853 4830 924 4866 ense·
1004 4823 1053 4872 sel.
1064 4825 1088 4882 2,
1100 4822 1166 4884 pite·
1176 4833 1204 4870 ιο
1214 4822 1250 4886 8.)

252 4895 408 5021 :enorme
423 4893 469 5038 th)
479 4909 504 4958 p.
522 4899 568 4954 sm
584 4895 615 4945 lt.
633 4895 732 4960 Ginnd,
749 4897 925 4948 Cennldred·
957 4945 960 4952 ,
1038 4899 1072 4963 (t)
1090 4900 1434 4956 St-Germnlnao-ilont-d'ilr.

274 4977 457 5036 omnpttl.
