4300 6054
570 849 735 897 oerruamn
757 849 795 896 on
817 831 950 896 a'decrsn
965 847 1010 914 ‚os
1032 845 1319 894 ivon-turmas.
1614 833 1646 890 8t

279 965 296 1044 5
318 967 355 1028 Et
368 963 512 1030 dominus
527 967 685 1028 lohannes
701 965 740 1028 de
758 969 858 1042 Petra,
876 965 1025 1046 presbiter
1038 963 1237 1028 beneficiatus
1253 962 1285 1026 in
1302 960 1431 1025 ecclesia
1444 962 1651 1042 lugdunensi,

238 1058 442 1141 quireliquit
455 1061 673 1138 sacerdotibus,
696 1059 887 1142 simplicibus
909 1059 1028 1124 clericis
1061 1066 1091 1123 et
1122 1055 1274 1124 clericulis
1299 1055 1426 1121 ecclesie
1443 1056 1654 1136 Lugdunensis

238 1157 492 1239 vigintiquinque
511 1157 625 1222 solidos
635 1174 813 1240 grossorum
830 1157 1042 1222 turonensium
1053 1155 1255 1234 argenti—pro
1271 1154 1378 1234 viginti
1398 1153 1534 1234 quinque
1548 1151 1653 1216 solidis

239 1255 453 1318 viennensium
462 1257 558 1319 armui
568 1262 598 1318 et
608 1256 747 1336 perpetui
758 1251 1107 1340 redditusacquirendis,
1120 1251 1290 1314 dividendis
1300 1267 1383 1315 anno
1393 1249 1531 1330 quolibet
1540 1251 1655 1331 imper-

241 1355 368 1427 petuum
383 1349 472 1414 dictis
484 1352 702 1428 sacerdotibus,
718 1349 837 1414 clericis
858 1347 1061 1426 etclericulis,
1074 1349 1122 1412 dia
1136 1350 1237 1412 obitus
1258 1350 1316 1424 sui,
1341 1365 1397 1430 per
1411 1345 1654 1414 matricularium

241 1451 294 1508 aut
307 1454 581 1524 mauecantautem,
600 1449 653 1528 qui
669 1464 724 1526 pro
740 1453 876 1526 tempore
890 1448 1003 1510 luerint
1019 1446 1052 1508 in
1066 1445 1145 1507 diota
1159 1443 1289 1508 ecclesia
1305 1443 1513 1523 Lugdunensi,
1526 1461 1654 1526 presen-

241 1544 324 1607 tibus
338 1544 377 1606 ad
398 1546 562 1608 matutinas
577 1551 771 1608 mortuorum
789 1562 887 1625 usque
906 1545 944 1608 ad
964 1541 1118 1624 psalmum
1137 1543 1276 1608 Loudute
1290 1542 1460 1608 Dominum
1473 1543 1509 1606 de
1521 1541 1609 1616 celim
1622 1544 1654 1606 in

241 1639 354 1716 quibus
369 1642 527 1704 mabrtinis
537 1641 713 1705 dividantur
721 1641 898 1721 quindecim
912 1637 1001 1726 solidi
1012 1639 1235 1713 viennensium,
1252 1645 1282 1701 et
1298 1638 1469 1719 percipiant
1483 1639 1655 1702 sacerdotes

242 1734 372 1814 duplum
388 1753 482 1816 quam
497 1735 610 1814 clerici,
627 1745 657 1804 et
670 1736 806 1801 clericuli
820 1737 1016 1800 medietatem
1030 1725 1220 1811 clericorum,
1237 1741 1267 1797 et
1281 1735 1440 1798 residuum
1457 1735 1563 1799 decem
1577 1735 1656 1799 soli-

241 1829 350 1894 dorum
361 1833 575 1899 viennensium
585 1835 759 1900 dividentur
775 1835 813 1896 ad
827 1835 954 1898 missam
976 1833 1187 1908 anniversarii,
1205 1834 1231 1895 si
1245 1839 1401 1912 presentes
1423 1835 1537 1896 luerint
1554 1851 1652 1913 usqua

245 1927 285 1990 ad
304 1937 413 2012 Agnus
435 1931 502 2006 Dei,
522 1937 670 2012 utsupra
693 1932 726 1994 in
741 1931 900 1994 matutinis
927 1935 1120 1992 mortuorum
1139 1928 1323 1992 dictumest.
1349 1933 1427 1993 Item
1446 1929 1534 1993 altari
1555 1933 1655 1994 crucis

249 2025 309 2088 sito
322 2025 355 2088 in
372 2024 501 2090 ecclesia
522 2027 718 2107 Lugdunensi
739 2028 877 2108 quinque
892 2025 1006 2090 solidos
1023 2043 1202 2105 grossorum
1218 2028 1432 2092 turonensium
1450 2029 1579 2106 argenti,
1599 2045 1655 2108 pro

242 2121 381 2202 quinque
404 2120 511 2188 solidis
525 2125 741 2188 viennensium
757 2125 853 2187 annui
871 2123 1009 2186 redditus
1023 2121 1229 2202 acquirendis,
1247 2124 1289 2186 ita
1306 2122 1389 2203 quod
1405 2125 1567 2188 servitores
1583 2125 1655 2188 dicti

242 2216 348 2282 altaris
363 2226 527 2284 teneamur
542 2237 651 2300 rogare
667 2221 798 2286 Jbesum
814 2221 971 2284 christum
987 2233 1042 2298 pro
1059 2219 1195 2282 remedio
1209 2219 1310 2282 anime
1325 2237 1389 2296 suo,
1410 2219 1505 2284 semel
1521 2221 1605 2284 dedit
1627 2229 1657 2284 et

243 2314 365 2394 legavit.
383 2321 449 2394 ere
464 2318 714 2398 predictucmnia
724 2319 888 2398 assignavit
907 2325 936 2381 et
954 2318 1096 2381 essetavit
1112 2318 1210 2382 dictus
1225 2317 1368 2382 dominus
1384 2319 1542 2383 lohannes
1565 2337 1658 2401 snper

244 2412 370 2476 domum
388 2431 477 2477 suam
491 2417 581 2478 sitam
595 2417 626 2478 in
653 2414 792 2480 Sabblice
809 2415 960 2494 Lugduni,
977 2431 1070 2493 quarn
1087 2415 1248 2494 acquisivit
1261 2433 1280 2477 a
1294 2417 1452 2480 sororibus
1471 2415 1657 2480 monialibus

244 2511 347 2574 Sancti
358 2512 480 2576 Martini
491 2510 521 2574 lo
531 2511 586 2578 Pol
597 2513 819 2591 Lugdunensis,
837 2529 897 2592 que
911 2511 1067 2591 quondam
1084 2513 1141 2575 luit
1154 2513 1302 2592 Stephani
1317 2515 1441 2592 Poysat,
1467 2531 1561 2592 quam
1576 2513 1658 2577 dedit

247 2605 424 2684 Guillelmo,
440 2610 545 2688 nepoti
560 2626 627 2685 suo,
646 2611 703 2672 sub
725 2606 777 2672 tali
793 2609 968 2673 conditione
992 2609 1073 2687 quod
1090 2615 1229 2672 teneatur
1251 2607 1370 2672 solvere
1392 2610 1500 2688 viginti
1520 2611 1657 2688 quinque

251 2701 367 2768 solidos
388 2721 566 2783 grossorum
583 2707 796 2768 turonensium
815 2705 933 2784 argenti
949 2721 1005 2784 per
1016 2720 1088 2766 eum
1106 2721 1200 2783 supra
1219 2701 1334 2784 legatos
1353 2705 1572 2779 sacerdotibus,
1593 2703 1658 2768 cle-

246 2801 317 2864 ricis
331 2806 361 2864 et
370 2799 524 2864 clericulis
534 2800 662 2865 ecclesie
680 2801 909 2880 Lugdunensis;
928 2802 970 2862 ita
980 2799 1063 2880 quod
1073 2815 1167 2879 quam
1182 2801 1234 2862 diu
1249 2802 1412 2863 cessaverit
1426 2799 1544 2864 solvere
1561 2801 1657 2864 dictas

243 2914 381 2961 summas
398 2901 612 2962 turonensium
629 2916 808 2979 grossorum
827 2897 1058 2980 supralegatas,
1080 2898 1299 2974 sacerdotibus,
1320 2897 1439 2962 clericis
1463 2907 1493 2962 et
1506 2898 1658 2962 clericulis

171 2999 172 3002 ’
244 2993 497 3074 vigintiquinque
508 2993 598 3058 solidi
608 2996 832 3078 viennensium,
845 2995 962 3058 etdicto
972 2993 1062 3058 altari
1075 2996 1180 3060 Crucis
1191 2997 1329 3074 quinque
1340 2994 1429 3058 solidi
1443 2997 1658 3060 viennensium

243 3087 417 3152 dividentur
433 3091 523 3154 annis
538 3089 667 3170 singulis
682 3098 716 3153 ut
730 3107 839 3172 supra;
855 3098 884 3154 et
898 3092 936 3154 de
951 3093 1011 3154 biis
1026 3093 1170 3156 omnibus
1186 3091 1282 3156 voluit
1297 3093 1409 3156 rbcmm
1424 3093 1551 3156 domum
1569 3107 1658 3156 suam

243 3181 332 3248 dictis
347 3185 567 3274 sacerdotibus,
584 3186 703 3250 clericis
717 3193 748 3250 et
761 3185 916 3250 clericulis
934 3205 970 3250 ac
989 3187 1069 3250 dicto
1094 3186 1184 3250 altari
1198 3205 1267 3252 esse
1285 3187 1451 3268 obligatam
1462 3194 1492 3252 et
1500 3195 1657 3251 oneratam

242 3299 299 3361 pro
310 3283 453 3362 predictis
464 3284 610 3347 iaciendis
628 3291 659 3346 et
672 3281 874 3364 complendis.
899 3285 981 3348 Obiit
994 3283 1092 3347 dictus
1107 3283 1250 3348 dominus
1260 3289 1277 3348 J
1280 3287 1429 3360 ohannes,
1442 3273 1523 3348 anno
1534 3285 1656 3348 Domini

241 3383 288 3442 Ma
304 3383 389 3444 CCC⁰
401 3383 551 3446 va1110.

282 3503 407 3566 Domini
423 3504 461 3567 dc
475 3502 609 3584 capitulo
629 3503 816 3568 remiserunt
831 3502 943 3566 dictam
957 3505 1137 3584 pensionem
1151 3505 1190 3567 ad
1200 3521 1352 3568 sommam
1365 3505 1470 3568 decem
1485 3489 1654 3568 solidorum

240 3601 452 3664 turonensium
486 3599 713 3674 solvendorum,
741 3606 776 3663 ut
806 3600 947 3679 superius
966 3598 1148 3678 declaratur,
1173 3608 1204 3664 et
1229 3603 1360 3666 duorum
1387 3601 1563 3666 solidorum¹
1576 3616 1655 3664 'curn

238 3697 369 3762 dimidio
379 3701 576 3763 servitoribus
585 3698 674 3763 altari
685 3700 802 3774 Crucis,
818 3699 916 3761 ethoc
926 3698 964 3761 de
979 3715 1130 3764 consensu
1146 3699 1298 3762 dictorum
1315 3701 1508 3764 sacerdotum
1526 3706 1557 3763 et
1570 3698 1656 3764 cleri-

237 3811 348 3859 corum
362 3812 455 3860 causa
469 3797 557 3859 ruine
573 3796 683 3858 domus
698 3793 843 3874 predicte,
860 3800 890 3856 et
905 3799 996 3874 prout
1008 3793 1103 3858 lacius
1120 3796 1294 3858 continetur
1307 3797 1339 3858 in
1355 3794 1455 3859 littera
1467 3803 1587 3876 recepta
1600 3813 1655 3877 per

238 3890 404 3955 Claudium
415 3893 567 3968 Berolreti,
584 3892 748 3955 notarium.

277 4029 323 4075 vr.
334 4047 415 4059 -
429 4014 576 4086 Obierunt
586 4013 779 4088 Benedictus,
792 4012 967 4087 levita-et
977 4015 1076 4088 lictor,
1090 4012 1266 4088 laicus-et
1279 4013 1389 4090 Guigo,
1407 4013 1543 4078 cartusie
1558 4013 1652 4092 prior,

236 4108 383 4172 sacerdos
402 4117 433 4172 et
455 4111 634 4173 monachus.
654 4144 695 4156 -
713 4112 750 4172 Et
770 4107 955 4172 castelliano
973 4109 1097 4192 lomina,
1122 4125 1181 4188 que
1205 4109 1288 4171 dedit
1301 4111 1411 4171 Sancto
1428 4108 1584 4187 Stephano
1599 4123 1654 4186 pro

234 4204 450 4268 anniversario
473 4221 528 4267 suo
552 4206 712 4268 annuatim
735 4203 885 4279 iaciendo,
911 4204 994 4283 quod
1013 4210 1058 4266 est
1073 4205 1302 4283 incorporatum
1323 4204 1355 4268 in
1371 4203 1545 4268 obedientia
1560 4204 1652 4278 Anss,

234 4299 446 4380 quadraginta
455 4299 570 4364 solidos
580 4300 738 4374 debitales,
755 4315 887 4379 quorum
903 4300 1040 4379 quinque
1054 4305 1126 4362 sunt
1145 4301 1226 4362 intra
1241 4301 1376 4379 burgum
1394 4301 1485 4376 Anse,
1501 4307 1531 4364 et
1548 4301 1656 4380 viginti

234 4397 320 4460 inter
330 4399 444 4462 lassata
453 4405 483 4462 et
492 4397 651 4462 ecclesiam
661 4399 761 4460 Sancti
777 4397 908 4460 Romani
924 4396 975 4480 (t),
987 4403 1018 4460 et
1027 4397 1203 4476 quindecim
1213 4397 1294 4476 apud
1305 4396 1454 4473 Quiuceu,
1466 4397 1499 4459 in
1510 4397 1653 4476 mangiis.

232 4527 275 4540 -
294 4495 336 4556 Et
359 4498 455 4560 llaria
477 4497 603 4572 femina,
635 4495 790 4576 quondam
809 4511 886 4558 uror
909 4495 1069 4574 Stephani,
1102 4495 1308 4574 procuratoris
1328 4493 1366 4557 de
1383 4495 1475 4572 Ansa,
1496 4511 1556 4574 que
1575 4495 1658 4558 dedit

230 4590 327 4652 beato
353 4591 507 4673 Stephano
528 4585 687 4672 sexaginta
707 4589 802 4656 libras
827 4607 882 4671 pro
900 4606 956 4654 suo
975 4591 1185 4654 anniversario
1203 4591 1372 4678 bonorifice
1395 4591 1544 4656 iaciendo.
1565 4595 1658 4658 -Et

233 4688 386 4754 lacobus.

260 4915 297 4979 (t)
319 4914 442 4964 l’lusieurs
459 4918 563 4966 censiles
582 4925 625 4966 out
647 4920 684 4965 ete
702 4924 780 4976 tenus,
797 4915 826 4964 de
837 4917 912 4962 aaut
988 4919 1061 4966 truite
1075 4917 1236 4980 aujourd'lrul.
1254 4902 1290 4982 (v.
1307 4919 1367 4966 llist.
1385 4918 1478 4985 d'lbnsr,
1492 4929 1536 4978 par
1553 4915 1583 4960 bl.
1598 4914 1657 4958 l'ves

227 5001 301 5058 ¹2⁹⁹,
313 4998 379 5046 dnus
391 5007 451 5048 cette
462 5001 579 5050 ancienne
587 5001 660 5064 eglise
675 5001 859 5062 compleremus
870 4997 912 5046 cle-
987 4997 1101 5058 Serrvnd,
1115 5011 1140 5059 p.
1151 4999 1209 5044 57·8
1217 5009 1220 5027 ¹
1228 5005 1245 5059 ‚l

1399 5091 1430 5151 li
