4300 6054
590 903 755 954 1111111111
777 905 815 952 oe
837 885 969 954 o'bsnsn
991 899 1030 950 oe
1051 899 1140 948 eron.
1154 899 1290 946 »loun
1584 879 1635 944 lul

230 1017 380 1086 librarum
393 1021 619 1096 viennensium
632 1021 708 1084 item
721 1027 1011 1100 conquerementnm
1024 1019 1107 1102 quod
1121 1017 1283 1098 acquisivit
1294 1015 1376 1095 apud
1390 1014 1505 1078 Ansam
1516 1023 1547 1078 et
1560 1016 1643 1096 apud

229 1121 355 1180 Pomers
369 1115 408 1198 (ll
426 1133 520 1197 super
533 1117 647 1180 Ansam
658 1117 826 1180 alohaune
838 1115 876 1179 de
892 1115 1059 1190 1111111111,
1073 1114 1170 1198 pretio
1189 1113 1311 1194 triginta
1321 1118 1349 1176 et
1362 1117 1478 1194 septem
1494 1107 1643 1178 librarum

230 1215 459 1289 viennensium
485 1230 562 1294 qnos
585 1213 722 1278 redditus
745 1213 840 1278 voluit
864 1215 1012 1296 applicari
1030 1221 1059 1278 et
1077 1213 1225 1292 assignari
1244 1211 1363 1276 dnobus
1384 1207 1592 1274 sacerdotibus
1610 1211 1643 1271 in

232 1309 314 1374 dicto
326 1309 426 1386 altari,
441 1311 567 1376 cuilibet
583 1311 614 1374 iu
627 1328 682 1374 sua
698 1313 877 1392 septimana,
892 1328 947 1392 pro
961 1311 1096 1376 remedio
1108 1311 1211 1374 anime
1226 1308 1360 1390 predicte
1369 1305 1644 1388 personeetdiolo—

232 1424 301 1472 rum
317 1408 512 1472 dominorum
523 1411 555 1470 et
566 1423 621 1488 pro
636 1407 771 1474 remedio
790 1409 890 1472 anime
902 1425 955 1472 sue
967 1414 998 1474 et
1008 1409 1235 1474 benefactorum
1247 1421 1385 1472 snorum.
1399 1403 1503 1468 Voluit
1513 1410 1543 1466 et
1559 1401 1645 1466 ordi-

234 1507 316 1568 navit
329 1505 427 1570 dietus
442 1507 563 1570 donnus
576 1507 706 1570 Poneins
719 1513 750 1570 et
761 1505 841 1570 diota
852 1522 992 1586 persone,
1009 1523 1069 1586 que
1084 1505 1154 1570 lecit
1167 1503 1304 1568 construi
1315 1497 1545 1574 dictumaltare,
1562 1497 1645 1578 quod

233 1600 354 1666 collatio
383 1601 453 1666 dicti
473 1601 577 1664 altaris
599 1603 750 1682 pertineat
773 1601 812 1666 ad
840 1593 1093 1684 penitenciarivnn
1115 1601 1231 1666 domini
1258 1598 1562 1678 archiepiscopium
1589 1613 1644 1678 pro

235 1705 370 1778 tempora
386 1698 486 1760 luerit.
507 1701 582 1760 item
600 1697 752 1762 ordinavit
765 1698 864 1761 dietus
880 1699 1001 1762 donnus
1012 1698 1141 1762 Poncius
1160 1697 1242 1777 quod
1264 1693 1335 1760 dicti
1354 1693 1415 1757 dno
1437 1693 1597 1768 servitores
1613 1691 1645 1754 iu

235 1793 315 1856 dieto
326 1793 414 1856 altari
425 1793 555 1856 instituti
563 1800 593 1856 et
604 1809 794 1860 successores
807 1811 914 1859 eorum
928 1795 1095 1858 sustineant
1108 1793 1280 1874 lampadem
1289 1791 1458 1864 ardentem,
1470 1803 1564 1871 quam
1575 1788 1646 1852 feeit

237 1892 308 1971 poni
324 1891 412 1969 jnrta
427 1891 544 1952 dictum
566 1887 663 1954 altare
684 1891 764 1954 beati
779 1889 895 1970 lgnaeii
910 1897 940 1954 et
953 1897 1023 1954 aute
1036 1890 1131 1954 altare
1147 1891 1234 1954 beate
1256 1889 1361 1962 llarie,
1376 1890 1420 1952 ita
1432 1887 1515 1967 quod
1528 1887 1560 1950 iu
1577 1902 1646 1958 sero

235 1987 319 2050 clara
330 1985 379 2048 die
390 1985 551 2050 accedatur
562 1991 592 2050 et
601 1986 633 2048 in
644 2001 734 2052 mane
745 1985 829 2052 clara
839 1985 906 2052 luce
915 1989 1120 2066 extinguatur.
1134 1990 1211 2052 Item
1222 1985 1372 2072 quodipsi
1384 2001 1505 2066 semper
1515 1983 1648 2050 habeant

237 2083 396 2148 corsicium
409 2088 585 2163 competens
599 2083 632 2146 in
645 2081 813 2150 elevatione
824 2085 962 2168 corporis
979 2083 1103 2160 cbrisli,
1119 2090 1149 2148 et
1158 2101 1215 2166 pro
1233 2083 1313 2148 dicto
1331 2099 1426 2148 onere
1439 2079 1646 2162 supportando

237 2179 362 2258 reliquit
382 2179 487 2241 decem
514 2177 609 2242 libras
629 2179 843 2244 viennensium
868 2181 1025 2261 ponendas
1041 2183 1073 2246 in
1098 2187 1401 2264 conqueremenlnm.
1428 2183 1505 2246 Item
1521 2175 1647 2256 reliquit

239 2279 348 2338 Sancte
368 2277 391 2354 1
408 2277 561 2340 sexdecim
577 2273 690 2341 solidos
710 2284 741 2338 et
757 2293 810 2339 sex
827 2276 968 2342 denarios
985 2279 1196 2342 viennensium
1212 2277 1383 2353 censuales,
1399 2293 1476 2358 quos
1489 2273 1650 2355 aequisivit

239 2371 322 2453 apud
342 2375 446 2452 deno
465 2371 521 2453 (a),
538 2379 594 2452 plo
611 2373 708 2436 tribus
727 2373 943 2438 anniversariis
965 2375 1089 2450 ibidem,
1108 2371 1239 2456 singulis
1258 2375 1358 2452 annis,
1376 2373 1425 2438 die
1437 2373 1539 2436 obitus
1558 2371 1606 2433 sui
1620 2374 1650 2430 et

240 2469 362 2532 dnobus
385 2469 493 2532 diebus
516 2468 727 2550 sequentibus,
744 2471 902 2546 iaciendis.
921 2475 1000 2536 ltern
1017 2473 1117 2538 eidem
1135 2471 1263 2536 ecclesie
1281 2475 1390 2536 Sancte
1406 2471 1511 2534 Crucis
1526 2466 1651 2546 reliquit

241 2564 345 2630 decem
365 2565 460 2630 libras
479 2583 534 2646 pro
557 2565 661 2632 vitreis
681 2566 829 2652 iaciendis
848 2575 879 2632 et
893 2569 1080 2648 reparandis.
1096 2572 1172 2632 Item
1190 2567 1367 2648 quindecim
1383 2565 1477 2632 libras
1500 2581 1557 2645 pro
1572 2561 1650 2626 libro

242 2659 447 2752 homeliarum
472 2663 620 2733 iaciendo.
651 2663 729 2728 Item
755 2665 788 2728 in
810 2663 892 2728 dicta
914 2663 1042 2729 eeclesia
1068 2667 1178 2730 Sancta
1195 2665 1218 2746 †
1238 2663 1412 2746 procuravit
1434 2669 1464 2725 et
1488 2662 1558 2724 lecit
1584 2657 1651 2721 llari

241 2759 371 2822 eborum
385 2773 509 2834 norum,
526 2765 556 2821 at
574 2759 685 2824 vitreas
702 2775 797 2824 novas
811 2759 845 2824 in
862 2759 1052 2840 presbiterio,
1070 2767 1101 2826 et
1118 2779 1228 2826 novam
1242 2763 1407 2826 lenestram
1422 2777 1515 2841 snper
1532 2763 1653 2842 portam

241 2857 337 2938 ipsius
351 2853 480 2919 ecclesie
490 2853 687 2930 anmriorem,
699 2863 731 2918 et
743 2853 848 2936 plnres
858 2853 952 2920 libros
966 2863 995 2920 et
1008 2849 1069 2922 alia
1078 2855 1185 2932 multa,
1197 2865 1227 2922 ot
1239 2857 1302 2938 ipsi
1314 2855 1440 2922 ecclesie
1454 2856 1538 2920 dedit
1552 2871 1651 2918 unum

241 2949 482 3029 baudequinum.
501 2950 652 3014 Omnibus
664 2956 695 3014 11
713 2949 844 3030 singulis
858 2949 1025 3032 capellanis
1042 2961 1071 3017 et
1089 2951 1209 3018 elericis
1226 2953 1280 3034 qui
1301 2951 1459 3034 sepulture
1476 2969 1531 3015 sue
1551 2953 1648 3014 inter-

243 3051 365 3112 luernnt
386 3045 508 3126 singula
529 3047 609 3110 done
631 3047 749 3111 tribuit.
772 3045 905 3111 Ecclesia
917 3049 1018 3112 Sancti
1037 3050 1173 3132 Hyrenei
1187 3049 1412 3130 Lugdunensis
1433 3053 1466 3114 ln
1488 3067 1550 3130 qua
1563 3049 1654 3128 elegit

244 3145 433 3225 sepulturam
449 3159 549 3217 suam,
569 3141 681 3222 legavit
704 3143 829 3223 triginta
849 3143 963 3208 solidos
980 3147 1139 3212 censuales
1152 3164 1208 3228 pro
1227 3147 1435 3212 anniversario
1454 3163 1509 3214 sno
1527 3149 1560 3212 in
1576 3147 1656 3210 dicta

243 3239 372 3306 ecclesia
384 3239 869 3320 Sanctngroneiimperpetuam
883 3241 1031 3305 iaciendo.
1053 3241 1191 3322 singulis
1202 3245 1330 3308 inclusis
1349 3251 1379 3308 11
1386 3244 1566 3324 hospitabns
1579 3245 1656 3308 eivi-

243 3339 314 3402 tans
331 3345 363 3400 et
378 3337 526 3401 suburbio
541 3337 739 3416 lugdunensi
756 3343 786 3400 et
798 3335 868 3400 aliis
884 3335 1026 3417 pluribus
1040 3339 1115 3403 locis
1131 3340 1282 3420 religiosis
1293 3340 1325 3404 in
1337 3341 1460 3405 civitate
1485 3347 1517 3404 et
1536 3341 1656 3421 dyocesi

243 3432 443 3514 lugdunensi
481 3429 605 3512 singula
625 3427 727 3511 legata
757 3433 892 3512 reliquit.
928 3437 965 3498 ln
993 3434 1122 3500 ecelesia
1146 3437 1345 3518 Lugdunensi
1372 3447 1563 3518 campanam,
1598 3453 1658 3518 qne

244 3530 410 3615 vocabatur
427 3525 604 3602 Nicbolaus‚
624 3527 742 3604 reiecit,
762 3535 794 3592 et
821 3529 891 3594 lecit
909 3547 1049 3611 grossam
1071 3548 1252 3616 campanam
1272 3551 1406 3601 unacum
1432 3532 1558 3602 metallo
1578 3533 1657 3598 dicte

247 3643 395 3708 campane
417 3622 569 3700 llicholai,
592 3628 622 3688 el
652 3627 794 3704 apposuit
817 3627 933 3694 desuo
954 3631 1080 3710 proprio
1097 3631 1336 3714 quadringentas
1353 3634 1447 3699 libras
1470 3639 1501 3698 et
1524 3631 1658 3714 amplius

246 3720 728 3790 bodanense-ntundnan
741 3721 1323 3804 vndominusflumbortasnoeonenl,
1337 3729 1657 3802 decretorumdoetor,

247 3819 381 3886 milesio
394 3816 522 3881 molesia
536 3815 745 3896 Lugdunensi,
758 3819 813 3897 qui
825 3817 951 3899 reliquit
958 3819 1086 3886 eeclesia
1095 3824 1292 3903 Lugdunensi
1307 3839 1406 3889 unum
1415 3825 1660 3889 anniversarium

249 3919 333 3982 111111
364 3913 534 3979 solidorum
553 3913 768 3977 viennensium
786 3915 819 3977 in
840 3922 1022 3997 perpetuum
1045 3917 1193 3998 iaciendo,
1219 3921 1268 3985 die
1293 3921 1394 3985 obitus
1418 3923 1481 3998 sni,
1507 3921 1661 3986 canonicis

252 4013 454 4094 incorporatis
468 4017 498 4076 et
509 4009 577 4086 aliis
587 4011 730 4076 omnibns
745 4009 910 4094 capellanis
921 4021 951 4076 et
964 4011 1094 4092 clericis,
1110 4017 1164 4097 qui
1177 4017 1349 4082 intererunt
1366 4019 1399 4082 in
1413 4019 1510 4082 missa
1526 4015 1662 4080 anniver-

252 4109 395 4184 sariisni,
406 4125 488 4174 anno
498 4107 635 4188 quolibet
643 4109 870 4176 distribuendos
877 4127 934 4192 par
942 4113 1007 4176 viee
1015 4111 1660 4194 magistrnrncborieeclesiobngdunensis,

253 4206 409 4287 prouisibi
419 4205 571 4270 videbitur
581 4206 764 4270 laciendum.
776 4209 813 4270 Et
825 4223 881 4288 pro
896 4209 1042 4288 predictis
1053 4211 1138 4274 111111
1147 4209 1253 4274 solidis
1265 4212 1360 4276 annai
1375 4209 1516 4291 perpetui
1525 4208 1664 4272 redditus

254 4301 448 4385 acquirendis
467 4308 496 4366 et
511 4301 648 4366 emendis
660 4299 757 4366 voluit
774 4307 805 4365 et
826 4303 978 4368 ordinavit
991 4305 1073 4384 qnod
1089 4306 1206 4370 lrnetns
1222 4306 1280 4384 sni,
1302 4305 1666 4388 1111-11111111111111111

256 4401 383 4467 ecclesia
393 4399 591 4479 lugdunensi
602 4399 634 4463 in
644 4417 732 4482 paga,
749 4407 904 4482 ponantur
919 4409 949 4466 el
961 4397 1118 4468 solvantur
1128 4420 1185 4486 pro
1200 4399 1342 4486 predictis
1352 4406 1437 4470 XXX
1456 4403 1562 4470 solidis
1573 4405 1667 4468 annui

256 4497 392 4564 redditus
406 4495 615 4578 1111111111
631 4501 662 4560 11
675 4497 701 4562 si
714 4495 787 4565 dieti
800 4498 920 4581 leuatus
930 4501 997 4562 111Ι
1003 4495 1178 4567 sufficerent
1190 4501 1230 4567 ad
1246 4503 1392 4571 emendos
1407 4503 1504 4571 dictos
1518 4503 1665 4578 redditus,

257 4593 352 4658 voluit
361 4592 461 4668 dietus
475 4591 618 4656 dominus
627 4593 818 4658 Humbertns
828 4595 911 4676 quod
925 4597 963 4660 de
973 4597 1140 4662 aliisbonis
1149 4599 1213 4664 suis
1222 4598 1365 4681 suppleat
1378 4617 1433 4682 per
1442 4601 1571 4666 beredes
1585 4617 1666 4664 snos.

258 4687 350 4753 Plura
366 4685 430 4750 alia
442 4685 555 4767 legarit
567 4694 600 4750 et
616 4688 740 4752 donavit
750 4705 810 4770 que
824 4705 887 4753 non
906 4698 978 4754 sunt
989 4693 1021 4755 in
1032 4691 1111 4758 libro
1127 4694 1196 4758 hoc.
1213 4694 1409 4776 sepulturam
1428 4713 1517 4760 snam
1531 4695 1624 4776 elegit
1636 4697 1669 4758 in

258 4783 391 4848 claustro
402 4779 529 4846 eeclesia
538 4784 761 4864 Lugdunensis.
780 4787 863 4852 Obiit
879 4787 976 4852 dictus
990 4790 1132 4855 dominus
1144 4793 1332 4857 flambertus
1342 4793 1398 4860 111ο
1408 4792 1477 4858 Kal.
1490 4791 1670 4874 septembris

259 4895 339 4944 anno
349 4876 472 4943 Domini
485 4883 531 4948 tlt
543 4882 628 4946 CCC⁰
640 4883 791 4948 Xlt'llle.
807 4885 988 4966 Requieseat
1002 4887 1035 4952 iu
1045 4904 1130 4968 pace.
1144 4889 1250 4952 Amen.

293 5065 329 5126 (1)
348 5065 489 5125 Pommiera,
502 5076 587 5114 canton
598 5066 682 5115 d'llnse
692 5067 802 5132 (bbduejn
971 5073 976 5134 Ι
1042 5073 1074 5136 (a)
1093 5073 1202 5136 beynost,
1216 5083 1300 5124 11111111
1309 5039 1546 5144 dellontluellllin).
