4330 6050
778 861 781 868 ,
877 811 1042 860 onironrnn
1063 811 1103 858 nr
1123 792 1257 858 n’icmsn
1279 809 1318 858 nr
1339 802 1551 858 crona-mr.

558 2469 698 2533 lincam.
726 2471 813 2532 ltin.
833 2501 914 2515 —
939 2469 1089 2534 obierunt
1110 2469 1245 2543 stabilis,
1271 2469 1398 2533 clericus
1413 2484 1464 2542 ;-
1477 2468 1669 2544 aldibertus,
1686 2469 1930 2550 prestitam-'et

520 2565 628 2644 Golgo,
645 2562 752 2637 laicus,
770 2579 826 2644 pro
841 2579 902 2644 quo
913 2579 992 2627 uxor
1006 2581 1062 2627 sua
1076 2571 1106 2626 ot
1119 2580 1175 2644 pro
1194 2565 1371 2644 parentibu's
1388 2566 1452 2628 suia
1479 2565 1561 2629 dedit
1577 2573 1693 2646 partem
1716 2581 1803 2628 suam
1824 2568 1929 2628 Sancto

520 2661 673 2742 Stephano
699 2661 732 2724 in
753 2659 880 2724 ccclesia
900 2661 1003 2724 Sancti
1025 2659 1234 2740 Simphoriani
1259 2659 1311 2742 (4),
1337 2661 1423 2724 etin
1448 2662 1574 2724 ecclesia
1593 2663 1694 2727 Sancti
1720 2663 1866 2741 Stephani
1895 2661 1930 2722 dc

521 2756 690 2839 coiciaffi),
708 2763 739 2820 et
750 2757 913 2820 dimidium
922 2771 1065 2820 mansum
1081 2771 1166 2819 aecus
1179 2755 1338 2820 ecclesiam
1351 2763 1381 2820 et
1400 2758 1432 2820 in
1444 2758 1570 2822 ecclesia
1584 2759 1686 2823 Sancti
1705 2759 1826 2822 Andrec
1845 2757 1881 2822 de
1901 2757 1930 2818 la

522 2859 611 2920 costa
622 2855 681 2936 (3).
697 2891 731 2905 -
744 2853 982 2928 litllustachius,
998 2854 1172 2927 canonicus,
1184 2853 1237 2934 qui
1249 2853 1332 2918 dedit
1344 2855 1382 2918 ad
1404 2871 1482 2935 opus
1495 2856 1629 2920 ecclesiae
1652 2855 1929 2928 ducentossolidos⁷

519 2957 549 3013 et
562 2951 594 3012 in
604 2949 771 3013 elemosina
781 2947 916 3028 cyphum
928 2953 1105 3026 argenteum
1126 2962 1197 3012 cum
1208 2947 1347 3023 cocleari,
1364 2949 1396 3012 in
1418 2949 1576 3012 relectorio
1595 2950 1671 3014 duos
1692 2950 1807 3031 cyphos
1830 2966 1930 3014 masa-

465 3046 468 3052 '
519 3049 604 3111 rinos
617 3051 647 3108 ot
672 3060 770 3106 unum
791 3041 926 3106 mantile.
948 3041 1137 3106 Medietatem
1155 3059 1277 3123 quoque
1297 3043 1408 3108 vicarie
1430 3045 1469 3108 dc
1490 3045 1648 3109 Sorbieren
1671 3045 1720 3126 (l)
1736 3049 1846 3110 Sancto
1867 3049 1932 3110 Ste-

520 3145 623 3224 phano
637 3139 808 3220 acquisivit.
822 3139 945 3201 --llt
968 3141 1109 3212 loannes,
1135 3138 1373 3218 archipresbiter
1388 3140 1442 3220 (5),
1467 3141 1521 3220 qui
1545 3141 1627 3203 dedit
1647 3143 1757 3204 Sancto
1781 3143 1932 3221 Stephano

519 3239 605 3303 mille
619 3236 733 3300 solidos
746 3251 802 3315 pro
816 3235 1022 3298 anniversario
1034 3250 1089 3298 auo
1105 3235 1273 3298 honorilice
1285 3234 1432 3298 iaciendo.

560 3379 590 3425 rr
601 3364 719 3425 Nonas.
734 3333 814 3405 ἓ-
829 3359 977 3422 obierunt
987 3357 1171 3432 Gaultarius,
1184 3358 1263 3421 bone
1282 3360 1429 3422 memorie
1448 3357 1639 3431 laicus;-et
1651 3359 1837 3434 Guiitredus,
1849 3377 1932 3441 pres-
1979 3367 1992 3397 t

434 3489 439 3504 ι
519 3460 614 3530 bitem
625 3461 706 3518 -et
717 3456 857 3529 Ponoius,
869 3469 1030 3518 conversus
1041 3452 1079 3515 de
1091 3457 1200 3517 Sancto
1214 3453 1349 3532 Sulpicio
1360 3467 1367 3526 ;
1380 3459 1460 3517 -et
1474 3455 1592 3526 Petrus,
1603 3453 1776 3528 canonicus,
1790 3455 1844 3534 qui
1854 3453 1934 3516 dedit
2025 3502 2028 3512 .

519 3558 629 3618 Sancto
640 3551 794 3630 Stephano
808 3549 982 3612 tractoriam
997 3547 1177 3628 plenariam,
1192 3553 1221 3610 ot
1235 3551 1275 3612 lv
1290 3547 1405 3627 cyphos
1422 3549 1602 3622 mesariam,
1620 3553 1650 3610 at
1660 3564 1757 3611 unum
1769 3549 1892 3612 mantile
1905 3555 1934 3609 et

518 3647 733 3728 repositorium
744 3645 938 3710 cultellorum
950 3661 1021 3709 cum
1034 3637 1174 3708 cultellis.
1193 3675 1227 3688 -
1242 3643 1481 3718 Etlluillelmus,
1498 3642 1604 3718 laicus,
1621 3643 1674 3723 qui
1692 3643 1775 3708 dedit
1792 3645 1933 3723 inopere

521 3743 645 3824 majoris
656 3739 790 3804 occiana
800 3739 908 3819 viginti
920 3738 1044 3802 solidos.
1067 3740 1149 3801 -lit
1169 3737 1351 3802 Guillelmua
1374 3739 1493 3803 crareri
1511 3735 1566 3819 (a),
1591 3739 1762 3818 prepositus
1780 3739 1932 3818 quondam

520 3840 559 3904 dc
591 3837 743 3910 Forvorio,
777 3835 831 3914 qui
861 3833 986 3913 reliquit
1016 3835 1126 3913 majori
1155 3833 1289 3898 occloaiae
1314 3833 1508 3914 Lugdunensi
1535 3835 1597 3898 duo
1621 3834 1827 3898 anniversaria
1853 3833 1931 3912 apud

522 3936 672 4011 condrion
685 3931 742 4010 (7),
758 3947 850 4010 anper
864 3929 955 3993 rebus
967 3929 1233 4010 patrimonialibus
1247 3928 1321 4003 suis,
1342 3945 1439 3992 unum
1455 3929 1570 3992 scilicet
1581 3945 1637 4008 pro
1649 3929 1752 3992 anima
1763 3945 1818 3992 sua
1830 3945 1838 4002 ;
1851 3929 1932 3992 alind

521 4049 575 4112 pro
603 4031 706 4094 anima
728 4027 884 4092 Gnillelmi
910 4028 1040 4100 Creveni,
1069 4027 1224 4108 quondam
1246 4025 1341 4106 patris
1367 4025 1436 4100 aui,
1462 4027 1493 4087 in
1523 4025 1649 4090 ecclesia
1670 4025 1751 4089 dicta
1777 4027 1930 4087 annuatim

550 4247 584 4310 (t)
602 4247 944 4310 siopomenon-tactatur,
968 4247 1051 4310 appoll
1069 4248 1132 4296 anani
1144 4246 1183 4294 St·
1263 4241 1613 4306 marcomannicam
1626 4241 1755 4302 il'alibaya
1764 4239 1792 4288 da
1801 4239 1881 4299 Claui,
1891 4255 1934 4302 par

521 4327 828 4388 symphorian-aur-Coiac.
1115 4377 1117 4382 ,
1263 4322 1359 4385 linguar
1370 4322 1400 4370 da
1418 4321 1568 4370 Chalamont.
1581 4319 1618 4382 (v.
1632 4319 1778 4394 Bibliotlpcca
1794 4317 1931 4376 Sabatinca,

552 4401 587 4465 (a)
614 4403 698 4463 Gaiae,
721 4417 847 4452 commone
873 4403 901 4451 dc
925 4403 1184 4466 St-Symplaorien·la-
1263 4403 1333 4451 cont.
1344 4401 1375 4462 11,
1388 4415 1440 4464 cap.
1453 4401 1535 4460 xant,
1547 4415 1572 4468 p.
1586 4398 1651 4461 δῇ.)

523 4481 616 4531 0111101.
1296 4481 1331 4546 (d)
1347 4483 1380 4531 Ga
1387 4485 1472 4546 procot
1483 4481 1512 4529 da
1520 4481 1661 4528 Fourvidrea
1673 4479 1810 4538 soutarivit,
1821 4493 1851 4526 ca
1865 4481 1933 4536 itta,
1947 4515 1954 4528 .

552 4559 586 4620 (ὅ)
610 4557 889 4619 δι-Αηάή-Ιι-(ἑὸῑε,
916 4568 1001 4608 canton
1026 4561 1055 4608 dc
1076 4561 1186 4608 llornant
1264 4564 1287 4612 la
1305 4569 1430 4612 mumcot
1445 4561 1474 4608 da
1499 4561 1597 4608 Dorand
1614 4559 1732 4608 Thimotd.
1752 4557 1789 4618 (ll.
1810 4559 1882 4604 Areia.
1903 4557 1933 4602 da

524 4635 635 4699 (ΝΜ)-
1265 4639 1357 4701 liltdna,
1370 4641 1442 4702 igar.
1453 4639 1502 4686 vol.
1517 4637 1559 4697 10³,
1576 4647 1605 4684 n⁰
1624 4636 1673 4700 18),
1694 4645 1727 4696 at,
1745 4649 1775 4683 en
1792 4637 1861 4693 laod,
1875 4634 1934 4682 colai

552 4715 587 4778 (t)
603 4714 724 4776 dorblara,
739 4723 825 4764 canton
837 4715 866 4763 da
877 4715 995 4764 Solitaad
1010 4714 1108 4778 (Loira).
1266 4719 1298 4766 du
1309 4718 1386 4780 doycn
1401 4717 1524 4777 drnnlplta
1535 4715 1565 4762 da
1575 4715 1702 4776 colonges.
1713 4713 1750 4775 (V.
1769 4713 1794 4760 P.
1808 4714 1833 4761 J.
1849 4709 1933 4772 mli.)

552 4793 588 4856 (5)
604 4793 716 4853 liniaco,
725 4793 1059 4857 archiprttradallaximieox
1068 4793 1187 4855 (delicti
1266 4798 1329 4844 liam
1344 4809 1383 4843 eea
1394 4795 1455 4842 doux
1470 4801 1533 4842 aetas
1543 4793 1560 4840 il
1574 4793 1663 4853 jointd
1676 4805 1719 4838 son
1731 4805 1786 4838 nom
1802 4791 1825 4837 le
1840 4791 1895 4836 titre
1906 4789 1935 4834 de

522 4869 617 4935 niaco),
629 4872 774 4920 &ald-dira
784 4873 1025 4934 tcta-probablament
1036 4873 1064 4920 da
1075 4873 1185 4932 Dombco,
1267 4874 1379 4936 llaplatar
1386 4873 1454 4921 chori
1465 4871 1584 4934 Lugduni.

523 4951 558 4999 lut
569 4951 667 5012 ttmoin,
680 4965 710 4999 an
724 4953 791 5011 atto,
811 4951 881 5000 d'ona
897 4951 1009 5000 donatioo
1027 4952 1083 5000 luite
1092 4965 1149 5001 aona
1165 4954 1186 5001 lc
1298 4953 1333 5015 (7)
1350 4952 1481 5010 Cordriern
1494 4950 1701 4998 arrandiaaomcnt
1711 4949 1740 4995 dc
1752 4948 1828 5008 Lpon.
