4314 6058
539 869 598 929 1110
1056 867 1161 929 erices
1184 879 1439 930 susrrrrcnrrvas,

538 997 698 1060 laurencii
709 1011 780 1060 cum
794 996 988 1076 pertinenciis
1003 996 1052 1072 do,
1070 995 1148 1075 logo,
1165 1003 1196 1060 01
1207 997 1310 1060 omnia
1324 1011 1384 1076 que
1398 995 1500 1058 bebeo'
1513 993 1543 1056 in
1565 998 1738 1056 tenemento
1757 992 1936 1076 d'Argentep
1951 1015 1956 1026 ·

537 1100 568 1156 et
581 1093 613 1156 in
632 1098 712 1156 terra
726 1091 850 1156 illerum
868 1093 905 1158 de
919 1093 1037 1168 Sivreu,
1052 1100 1082 1156 et
1098 1093 1225 1156 laudum
1236 1093 1297 1156 sive
1311 1095 1605 1172 conqueramentum
1617 1105 1690 1153 curn
1708 1089 1854 1170 homagio
1872 1092 1957 1171 quod

537 1187 685 1268 acquisivi
695 1205 714 1250 a
726 1189 881 1268 Stephano
893 1189 931 1251 de
943 1191 1053 1254 800010
1064 1190 1217 1264 tabenna,
1228 1189 1336 1266 milite,
1352 1195 1382 1252 01
1396 1194 1686 1268 conquercmeutum
1699 1187 1763 1250 sive
1775 1187 1957 1266 homagium

536 1284 620 1364 quod
633 1286 752 1364 acquiri
766 1285 805 1348 ab
822 1289 952 1368 liugane
967 1285 1005 1350 da
1023 1288 1149 1366 Syvreu,
1168 1285 1278 1361 milite,
1294 1291 1325 1350 01
1346 1292 1641 1365 conquerementum
1659 1283 1743 1364 quod
1754 1285 1903 1364 acquisivi
1917 1285 1959 1346 ab

535 1381 697 1462 Arnulpho
712 1381 749 1444 dc
760 1379 790 1444 la
806 1379 1286 1462 1100000110100,000ορ101111
1301 1381 1445 1458 denariis,
1465 1399 1542 1462 ques
1556 1397 1651 1463 supro
1673 1381 1771 1460 legavi
1788 1377 1957 1461 capellanis

535 1479 734 1544 eeclesiarum
746 1478 867 1558 Ruppis
879 1478 976 1540 Fortis
985 1483 1015 1542 01
1025 1479 1128 1542 Sancti
1139 1479 1299 1544 laurencii
1309 1485 1339 1542 et
1348 1479 1553 1542 luminaribus
1563 1477 1752 1541 earumdem.
1764 1479 1842 1540 Item
1852 1475 1956 1539 eidem

536 1576 670 1654 liugoni,
680 1575 765 1638 tratri
777 1591 856 1647 meo,
871 1573 921 1648 de,
932 1574 998 1653 lego
1013 1575 1162 1640 annulum
1170 1591 1276 1639 meum
1287 1591 1417 1640 aureum
1427 1591 1500 1640 cum
1514 1572 1626 1654 lapide,
1634 1573 1688 1653 qui
1700 1578 1828 1636 vocatur
1839 1588 1956 1636 causac·

535 1679 595 1746 tus,
609 1673 652 1734 ita
665 1678 761 1734 tamen
775 1671 856 1750 quod
871 1677 938 1750 post
951 1671 1052 1751 ipsum
1066 1677 1222 1734 remaneat
1239 1671 1277 1734 ad
1294 1671 1441 1734 heredem
1455 1672 1545 1736 castri
1558 1670 1678 1750 Ruppis
1696 1669 1807 1732 Fortis.
1825 1670 1955 1732 Domino

534 1775 637 1834 autem
651 1770 816 1843 Barnardo,
832 1771 918 1834 tratri
928 1787 1007 1846 meo,
1022 1771 1162 1850 relinquo
1176 1771 1280 1834 villam
1293 1771 1330 1836 de
1345 1772 1535 1850 Cbarrigneu
1546 1783 1617 1832 oum
1632 1767 1823 1848 appendiciis
1837 1767 1912 1841 suis,
1923 1775 1954 1830 01

534 1871 822 1946 conquerementanr
835 1865 918 1945 quod
929 1867 1076 1944 acquisivi
1087 1866 1125 1930 ab
1139 1867 1261 1946 Hugoni
1271 1866 1390 1930 Saurel.
1403 1869 1480 1928 item
1493 1869 1593 1938 Patro,
1607 1863 1712 1944 nepoti
1722 1879 1793 1926 meo
1804 1863 1952 1942 predicto,

534 1960 677 2042 relinquo
690 1961 837 2042 quiequid
861 1961 960 2024 babeo
982 1961 1064 2041 apud
1084 1961 1299 2040 Maigniacum,
1323 1961 1405 2041 apud
1428 1959 1542 2026 Villam
1556 1963 1686 2033 Noram,
1708 1959 1791 2038 apud
1811 1959 1950 2032 rorctm,

533 2058 615 2137 apud
629 2058 866 2130 Clrambeonem,
881 2057 922 2119 ita
936 2063 1037 2120 teman
1049 2056 1133 2136 quod
1145 2057 1226 2119 idem
1241 2059 1350 2122 Petrus
1360 2053 1457 2120 solvat
1467 2056 1626 2120 aunuatim
1640 2055 1720 2118 dicte
1732 2056 1856 2134 Fatque,
1868 2057 1953 2135 nepti

533 2171 612 2228 mea,
628 2157 655 2216 X
670 2151 783 2216 solidos
795 2154 925 2218 torcium
938 2153 976 2216 ad
990 2169 1069 2232 opus
1086 2153 1227 2228 vestium,
1242 2151 1390 2230 quamdiu
1405 2153 1473 2232 ipsa
1491 2153 1612 2226 vinerit;
1626 2159 1834 2232 postmortem
1848 2157 1949 2214 autem

533 2250 605 2316 dicti
625 2250 717 2324 Petri,
735 2247 804 2314 rulo
822 2249 904 2328 quod
925 2250 1059 2330 predicta
1078 2254 1270 2312 revertantur
1286 2248 1325 2312 01
1347 2249 1491 2312 heredem
1506 2249 1596 2312 000101
1617 2249 1738 2329 liuppts
1761 2249 1860 2310 100110
1881 2264 1952 2310 cam

532 2347 649 2412 bouera
662 2347 814 2410 dictorum
826 2351 854 2412 11
866 2348 1035 2411 solidorum
1048 2347 1194 2410 advitam
1208 2345 1287 2408 dicta
1302 2343 1416 2425 Falque
1428 2345 1530 2408 eidam
1542 2345 1768 2408 solvendorum.
1785 2343 1953 2408 tluillelmo

531 2451 635 2508 autent
646 2445 831 2525 supradicto,
850 2448 951 2524 nepoti
963 2463 1041 2522 rnre,
1059 2446 1127 2524 lego
1139 2443 1285 2524 quioquid
1298 2444 1398 2506 habau
1411 2443 1494 2522 apud
1508 2442 1603 2516 naeu,
1618 2443 1660 2504 ita
1673 2449 1776 2504 100000
1789 2441 1874 2519 quod
1888 2441 1953 2520 ipse

531 2539 629 2604 solvat
657 2541 816 2604 aunuatim
837 2539 1010 2613 Petroniite‚
1028 2539 1155 2604 moniali
1181 2539 1258 2602 Boni
1277 2539 1359 2614 Loci,
1386 2543 1416 2601 01
1438 2538 1586 2618 ntagoyn,
1611 2535 1738 2600 moniali
1761 2536 1802 2599 de
1819 2539 1951 2615 lagnau,

530 2637 675 2716 neptibus
688 2637 774 2711 meis,
791 2636 932 2700 advitam
945 2637 1092 2716 ipserum,
1108 2637 1269 2716 utriqueV
1284 2635 1397 2699 solidos
1413 2636 1554 2698 torcium.
1570 2631 1648 2700 Volo
1661 2635 1758 2697 eciam
1772 2633 1854 2712 quod
1869 2633 1951 2696 idom

500 2758 503 2764 ·
532 2731 724 2806 Guillelmus,
739 2739 807 2813 post
822 2739 951 2796 mortam
968 2749 1066 2806 suem,
1082 2733 1220 2812 predicta
1238 2733 1379 2796 restituat
1401 2733 1525 2796 domiuo
1545 2735 1594 2804 Β,
1617 2731 1704 2794 100101
1721 2745 1802 2804 meo,
1823 2727 1870 2792 vel
1885 2729 1951 2808 ejus

529 2827 647 2904 heredi,
663 2827 803 2891 videlicet
815 2825 861 2890 illi
876 2827 929 2906 qui
945 2827 1059 2890 tenebit
1072 2825 1238 2906 Polognau.
1256 2830 1332 2890 Item
1348 2827 1491 2908 predictis
1506 2831 1595 2892 Petro
1615 2833 1646 2889 01
1660 2825 1836 2899 Guillelmo,
1853 2840 1950 2905 nepu-

529 2925 611 2988 tibus
625 2923 711 2998 meis,
725 2924 867 3002 relinquo
883 2923 990 2986 domes
1003 2941 1089 2986 nreas
1103 2940 1180 3003 ques
1196 2925 1334 2987 inhabito
1348 2925 1381 2987 in
1397 2925 1530 2990 claustro
1546 2923 1742 3003 Lugdunensi
1755 2939 1826 2987 cum
1839 2939 1950 3003 super-

529 3016 624 3082 lectili
644 3035 698 3082 seu
717 3021 909 3096 garnimcnto
921 3035 991 3083 meo
1005 3035 1012 3092 ;
1028 3015 1098 3080 volo
1119 3024 1220 3081 100000
1243 3019 1326 3098 quod
1350 3020 1466 3100 siquid
1487 3020 1636 3083 deiecerat
1657 3020 1864 3083 anniversario
1876 3034 1946 3082 meo

530 3115 614 3195 quod
625 3131 718 3194 supra
736 3116 832 3194 legavi
846 3117 971 3180 00010010
981 3115 1189 3195 Lvrgdunensi,
1207 3117 1289 3196 quod
1300 3117 1360 3198 ipsi
1373 3117 1491 3181 solvent
1502 3118 1662 3182 annuatim
1676 3117 1754 3180 illud
1774 3116 1856 3196 quod
1870 3115 1949 3179 deii-

529 3211 598 3286 ciat,
615 3227 776 3291 quousque
787 3211 840 3276 ille
853 3212 986 3275 detectus
1000 3213 1172 3292 completus
1182 3213 1284 3289 tuerit,
1296 3219 1325 3277 et
1339 3215 1468 3294 pecunia
1478 3215 1577 3294 posite
1588 3215 1621 3277 in
1634 3219 1943 3293 conqueramantum;

529 3305 674 3370 victualia
683 3315 785 3372 autam
799 3325 878 3384 mee,
892 3315 923 3373 et
936 3326 1033 3389 equos
1047 3325 1143 3386 meos,
1167 3315 1198 3372 et
1212 3310 1314 3389 pecias
1328 3310 1445 3388 argenti
1465 3317 1496 3373 01
1514 3309 1622 3373 domos
1634 3325 1729 3384 meas,
1748 3325 1824 3388 ques
1835 3309 1896 3372 emi
1907 3308 1947 3370 eb

529 3405 661 3482 Hugena
671 3404 708 3467 de
718 3407 812 3480 Bonz,
824 3412 855 3468 01
869 3405 975 3470 domos
988 3423 1081 3481 mons,
1099 3423 1175 3486 quas
1187 3405 1286 3469 babeo
1296 3405 1378 3486 apud
1391 3407 1696 3479 Montembrisonem,
1713 3403 1949 3484 0000100001-

528 3499 587 3564 bus
601 3505 799 3564 executorem
811 3517 950 3564 meorum
963 3501 1203 3582 distrnendapro
1220 3501 1277 3564 hec
1298 3502 1407 3565 ultima
1429 3500 1584 3566 voluntate
1598 3519 1678 3565 mee.
1691 3499 1904 3566 Sacerdotibus
1917 3505 1950 3561 et

529 3594 590 3658 illis
600 3595 637 3658 de
649 3596 745 3660 ubero
756 3597 917 3680 superiori,
930 3597 983 3676 qui
995 3597 1151 3678 sepulture
1165 3613 1232 3661 mae
1242 3599 1422 3673 intererunt,
1436 3598 1566 3676 singuiis
1576 3600 1677 3663 1111111
1689 3597 1831 3660 denarios
1841 3598 1922 3658 vien
1937 3611 1946 3667 ;

529 3689 648 3754 clericis
671 3689 709 3751 de
734 3691 829 3754 choro
852 3693 1000 3768 interiori,
1025 3709 1151 3766 novam;
1168 3693 1338 3757 minoribus
1358 3694 1511 3758 clericulis
1529 3697 1575 3759 11
1600 3693 1740 3758 10000100
1765 3693 1845 3756 vien.
1870 3693 1947 3754 Item

528 3783 688 3865 capellano
708 3786 810 3848 Sancti
832 3787 1001 3850 Marcellini
1020 3787 1070 3863 do,
1096 3787 1163 3868 lego
1187 3789 1336 3852 decimam
1355 3805 1450 3868 quam
1468 3790 1616 3868 acquisivi
1633 3807 1652 3852 0
1672 3789 1786 3854 Poucio
1807 3786 1946 3860 Giruudi,

530 3877 702 3956 domicello,
720 3880 802 3960 apud
820 3883 965 3946 Saucbrm
980 3882 1204 3959 Marcellinum,
1225 3886 1268 3947 ita
1284 3885 1366 3964 quod
1387 3885 1470 3950 idem
1489 3883 1668 3966 capellanus
1680 3886 1777 3950 solvat
1790 3884 1948 3948 anamiim

529 3981 585 4046 XX
599 3977 713 4042 solidos
728 3977 858 4044 torcium
871 3993 1022 4042 uovorum
1035 3979 1067 4042 in
1082 3977 1201 4042 duabus
1216 3981 1384 4058 synedibus
1395 3981 1607 4044 sacerdotibus
1619 3983 1671 4060 qui
1687 3979 1820 4044 servient
1833 3977 1948 4060 erpelle

528 4077 617 4141 baala
630 4076 724 4140 110010
737 4076 769 4138 10
781 4075 910 4139 ecclesia
920 4075 1116 4156 lugdunensi
1128 4090 1136 4148 ;
1153 4075 1234 4154 quod
1250 4076 1276 4138 si
1289 4073 1383 4138 nollet
1395 4075 1505 4150 iacere,
1517 4076 1586 4138 volo
1598 4076 1679 4155 quod
1691 4075 1764 4138 dieti
1775 4073 1944 4138 sacerdotes

529 4173 629 4238 lavard
644 4178 676 4236 at
695 4171 865 4251 percipient
887 4171 999 4235 dictam
1018 4169 1166 4238 decimam
1181 4185 1188 4244 ;
1209 4167 1279 4232 volo
1301 4171 1394 4234 etiam
1415 4171 1498 4250 quod
1515 4171 1597 4234 idem
1613 4171 1792 4251 capellanus
1807 4169 1898 4232 100101
1913 4171 1948 4232 10

420 4323 425 4338 .
527 4267 655 4334 eulasia
666 4269 768 4332 Sancti
780 4265 916 4338 Marcelli
926 4281 1031 4332 meum
1042 4267 1285 4330 anniversarium
1301 4267 1471 4330 annuatim.
1490 4271 1568 4332 Item
1582 4269 1700 4332 clericis
1711 4263 1947 4331 commesaiibus

527 4361 1187 4430 1001010οἰ10100000010100011001100000
1202 4359 1296 4424 donni
1315 4363 1453 4428 Duranni
1469 4363 1606 4427 0110001
1622 4365 1763 4444 Hugonis
1777 4363 1815 4427 da
1836 4365 1948 4426 800010

529 4461 698 4532 dormtum
711 4464 743 4520 01
751 4458 845 4522 etiam
856 4457 1058 4522 servientibus
1069 4459 1146 4521 meis
1158 4457 1225 4524 dari
1239 4457 1307 4521 velo
1321 4457 1490 4522 secuudum
1505 4460 1733 4524 ordinacionem
1748 4461 1898 4540 ipsorum.
1912 4457 1947 4520 st

529 4555 605 4635 quid
625 4555 664 4618 da
685 4555 775 4618 bonis
792 4554 871 4618 meis
888 4553 1048 4620 residuum
1063 4555 1254 4629 remanserit,
1277 4553 1386 4618 solutis
1406 4555 1559 4634 predictis,
1588 4557 1783 4620 medietatem
1804 4554 1949 4634 relinquo

529 4651 610 4716 dicto
633 4651 759 4714 domiuo
776 4650 902 4730 Hugeni
922 4655 953 4713 at
972 4649 1097 4714 domine
1114 4655 1163 4726 Β,
1185 4651 1331 4716 iratribus
1347 4653 1435 4728 meis,
1451 4659 1481 4715 at
1497 4651 1663 4716 Guitlelmo
1681 4649 1949 4728 01101001110010

529 4761 649 4822 aarum,
672 4745 800 4820 alaricis,
821 4745 985 4826 nepotibus
1001 4745 1079 4810 meis
1095 4747 1248 4827 predictis,
1268 4745 1307 4810 ad
1321 4749 1551 4812 sustentandum
1565 4751 1595 4812 in
1609 4746 1715 4824 scolis;
1731 4747 1826 4810 aliam
1843 4750 1948 4808 001001

529 4839 724 4909 medietatem
737 4841 809 4906 dieti
823 4841 938 4906 residui
951 4840 1095 4922 relinquo
1108 4842 1253 4906 iratribus
1271 4843 1513 4922 predicatoribus
1527 4849 1557 4908 01
1570 4843 1742 4907 mineribus
1759 4847 1792 4905 01
1804 4840 1950 4904 domibus

528 4935 647 5004 urdiuis
660 4937 870 5012 cartusiensis,
887 4937 1209 5014 videlicetPortarum,
1224 4937 1354 5014 Alveria,
1371 4937 1524 5014 sallionis,
1541 4939 1697 5016 Majoreri,
1711 4934 1809 5001 Vallis
1823 4935 1949 5010 clausa,

530 5032 626 5102 tuba
635 5033 739 5100 sancti
752 5032 884 5104 llomaui
896 5033 1016 5102 0111001
1030 5033 1112 5114 beai,
1128 5033 1324 5103 dividendam
1338 5033 1478 5100 intereos
1493 5035 1662 5100 seeundum
1673 5033 1772 5113 magis
1784 5037 1816 5098 at
1830 5033 1949 5108 minus,
