4330 6050
444 849 490 896 xil
1031 843 1267 897 munobucutou.

442 973 582 1036 ornasses
599 962 835 1058 intelligentes
856 963 1071 1037 d'eutrernir·
1088 985 1142 1036 un.
1163 983 1294 1058 casque
1320 983 1404 1036 sous
1429 982 1499 1034 uns
1522 981 1665 1054 capace,
1694 967 1868 1037 neceni-s

441 1068 540 1142 ras'se
563 1091 646 1141 sous
668 1092 714 1142 un
739 1070 882 1162 surplis,
899 1069 943 1142 de
966 1068 1042 1141 roir
1062 1069 1096 1140 la
1112 1069 1339 1142 menremaiu
1358 1067 1419 1162 qui
1440 1066 1599 1139 s'dlevait
1623 1068 1854 1160 pour-‚benis

440 1175 629 1248 s’abaisser
665 1198 755 1270 pour
788 1175 950 1270 irapper3
981 1175 1186 1250 d’entendre
1217 1175 1252 1246 la
1281 1175 1398 1248 means
1430 1175 1509 1248 uois
1542 1173 1601 1268 qui
1636 1175 1855 1266 preconisait

426 1411 559 1504 'diquen
580 1427 622 1488 La
636 1425 724 1490 lettre
738 1423 812 1506 qu’il
827 1424 960 1501 adressa,
977 1441 1045 1489 vers
1061 1427 1150 1502 tras,
1169 1426 1206 1490 de
1224 1427 1254 1490 la
1271 1409 1633 1499 chartredsedcrortes,
1646 1437 1685 1486 en
1704 1425 1852 1506 Bugey,a

376 1556 385 1574 ·
439 1535 481 1582 uu
494 1521 609 1600 evaque
624 1521 661 1584 de
675 1519 821 1598 Glascovr,
836 1521 889 1601 qui
912 1520 956 1584 lui
969 1521 1145 1586 demandait
1161 1523 1215 1588 des
1234 1522 1376 1598 conseils,
1390 1529 1421 1588 et
1431 1523 1475 1587 ob
1487 1521 1514 1586 il
1532 1520 1703 1610 s’erplique
1717 1523 1852 1601 ausujet

439 1615 477 1679 de
487 1613 516 1679 la
528 1615 747 1706 competibilite
759 1617 811 1681 des
825 1617 905 1682 deux
916 1617 1070 1697 pouroirs,
1083 1624 1180 1683 estun
1189 1625 1372 1684 monument
1382 1615 1614 1699 curicusiplus
1628 1615 1703 1680 d'un
1714 1619 1793 1683 titre.
1804 1621 1850 1692 En

438 1713 515 1778 voici
530 1713 575 1777 las
584 1713 765 1794 principaur
775 1729 940 1796 passages:
1892 1799 1894 1802 Ι

478 1829 494 1866 a
516 1808 690 1874 Venerabili
712 1810 835 1874 domino
858 1816 889 1874 et
910 1811 1117 1876 consacerdoti
1142 1813 1266 1890 G.,·bei
1281 1812 1476 1892 natatiles.
1492 1811 1664 1894 episcopus,
1680 1813 1723 1889 l,
1739 1810 1848 1892 prima
1915 1887 1920 1894 ,

427 1906 649 1984 ¹Lugdunensis
667 1904 802 1972 ecclesiae
823 1906 978 1987 quondam
1004 1908 1268 1989 archiepiscopus,
1291 1923 1374 1974 nuuc
1392 1913 1496 1974 aulem
1515 1906 1709 1972 sacerdotum
1734 1907 1848 1974 Christi

432 2003 589 2080 minimus,
602 2001 731 2067 salntem
741 2003 773 2066 in
787 2001 994 2066 verosalutari
999 2051 1058 2066 .....
1068 2003 1161 2068 Sedes
1175 2002 1230 2068 illa
1241 2002 1511 2085 archiepiscopalis
1515 2051 1574 2068 .....
1587 2005 1642 2070 ubi
1657 2019 1712 2084 per
1725 2002 1844 2086 aliquot

433 2115 541 2175 annos,
558 2099 629 2162 licet
640 2099 798 2180 indiguus,
816 2100 933 2164 honore
948 2101 1115 2180 pontillcali
1130 2102 1225 2166 iuncti
1236 2119 1353 2177 sumus,
1369 2100 1581 2181 plenissimam
1595 2103 1688 2168 habet
1707 2102 1846 2183 iurisdic

432 2197 624 2272 tionem.„...,
638 2213 694 2282 nee
705 2197 915 2264 existimamus
929 2197 1012 2278 quod
1021 2198 1081 2262 alia
1091 2196 1179 2264 facile
1189 2199 1362 2264 inveniatur
1371 2198 1498 2263 ecclesia
1508 2215 1578 2280 qum
1591 2205 1683 2264 tantae
1697 2197 1847 2265 libertatis

431 2293 589 2372 utrimque
600 2293 730 2372 gaudeat
740 2294 1001 2374 prerogativa...
1018 2293 1356 2376 Habebamsiquidem
1369 2293 1581 2373 senescallum,
1595 2297 1645 2360 cui
1659 2295 1844 2361 sollicitudi-

432 2404 503 2452 nem
518 2395 549 2452 et
562 2404 668 2453 curam
683 2391 848 2454 forentium
858 2390 1052 2470 negotiorum
1066 2390 1258 2465 comitebam,
1278 2391 1331 2470 qui
1346 2407 1402 2470 pro
1414 2392 1607 2470 negotiorum
1622 2390 1771 2472 qualitate
1783 2411 1845 2460 non

434 2483 534 2554 solum
545 2501 651 2550 causas
663 2485 854 2566 pecuniarias
867 2487 1080 2568 pertractabat,
1092 2484 1145 2550 scd
1157 2491 1186 2550 et
1195 2485 1414 2550 criminibuset
1424 2485 1547 2565 llagitiis
1557 2502 1613 2566 pro
1624 2487 1845 2553 consuetudine

420 2583 564 2662 ,regionis
578 2581 741 2663 puniendis
756 2587 887 2664 praerat
890 2629 950 2646 .....
967 2583 1117 2649 Cavebam
1132 2587 1246 2659 tamen,
1258 2597 1307 2658 nc,
1324 2581 1350 2644 si
1365 2581 1441 2645 torte
1453 2579 1585 2662 qualitas
1597 2583 1697 2664 culpae
1708 2591 1764 2649 aut
1775 2603 1845 2650 sus·

429 2678 532 2758 peudii
546 2695 681 2759 poenam,
697 2683 750 2742 aut
770 2680 982 2742 membrorum
1001 2677 1262 2742 detruncationem
1280 2683 1459 2753 mereretur,
1481 2675 1607 2758 aliquod
1625 2680 1664 2742 ad
1678 2695 1728 2762 me
1750 2699 1844 2764 super

427 2775 606 2852 hujusmodi
618 2776 746 2840 verbum
760 2776 957 2856 perterretur.
977 2777 1048 2856 lpse
1060 2789 1130 2839 cum
1137 2773 1342 2838 neesson-ibus
1354 2773 1418 2836 stris
1433 2772 1595 2852 eiusmodi,
1608 2775 1681 2854 quia
1694 2791 1744 2842 me
1756 2778 1843 2843 inre-

427 2873 550 2950 quisito,
567 2869 747 2947 detlniebat;
762 2871 877 2934 sciebat
892 2868 999 2952 procul
1014 2871 1108 2934 dubio
1129 2869 1212 2952 quod
1231 2870 1258 2934 ei
1270 2875 1301 2934 et
1311 2869 1519 2950 cognoscendi
1532 2875 1561 2934 et
1572 2870 1740 2938 deliniendi
1753 2882 1842 2939 auto·

426 2968 549 3032 ritatem
563 2966 758 3048 praestabam,
785 2965 840 3029 sed
862 2965 1104 3031 dissimulatione
1117 2982 1168 3030 me
1187 2963 1446 3047 qualemcumque
1462 2967 1678 3036 confidentiam
1699 2986 1841 3036 accomo-

429 3065 531 3140 dabet,
556 3063 638 3144 quod
662 3064 722 3128 riri
743 3065 848 3128 sancti
864 3064 919 3144 qui
944 3079 996 3130 me
1018 3064 1051 3128 in
1078 3063 1186 3129 eadam
1210 3063 1283 3128 sede
1308 3067 1537 3144 praecesserant,
1565 3064 1735 3130 secundum
1762 3066 1840 3132 banc

331 3191 335 3198 v
387 3188 389 3194 ¹
426 3151 682 3227 consuetudinem
699 3160 907 3242 irreprehensi
922 3167 1133 3242 processerant
1137 3205 1196 3226 .....
1219 3160 1471 3226 Accessitautem
1486 3158 1525 3222 ad
1538 3159 1721 3241 ampliorem
1742 3165 1841 3228 conti·

426 3257 561 3324 dentiam
573 3258 655 3338 quod
671 3258 836 3338 pretectus
852 3257 938 3322 urbis
951 3259 1070 3332 Roma,
1087 3256 1140 3337 qui
1159 3254 1322 3336 puniendis
1337 3255 1518 3318 criminibus
1531 3243 1703 3335 s'pecialiter
1714 3266 1838 3337 preest,

340 3377 343 3386 ’
425 3354 615 3434 presentare
634 3368 698 3418 sua
712 3353 944 3418 autoritatema
957 3351 1083 3418 domim
1096 3368 1183 3433 papa
1194 3351 1330 3432 recipere
1352 3351 1478 3428 dicitur;
1495 3349 1576 3414 unde
1590 3357 1626 3415 et.
1638 3352 1671 3416 in
1685 3353 1840 3420 donuuice
1915 3395 1918 3402 ·

425 3465 486 3530 qua
500 3455 639 3514 conlator
654 3451 771 3514 Laetare
786 3447 1100 3530 Jerusalen‚erpteta
1114 3447 1244 3514 solemni
1261 3448 1456 3528 processione
1469 3449 1502 3511 in
1519 3463 1581 3528 qua
1597 3465 1699 3513 rosam
1713 3466 1839 3516 auream
1914 3481 1919 3492 ¹

427 3562 565 3610 summus
592 3547 728 3626 pontiicr
742 3545 969 3626 circumportata
985 3545 1187 3625 ipsamquasi
1207 3560 1263 3624 pro
1277 3543 1378 3609 debeti
1394 3545 1569 3608 executione
1582 3545 1689 3608 eadem
1703 3563 1774 3610 rosa
1786 3565 1838 3612 re·

427 3647 569 3707 munerat
572 3688 631 3707 .....
646 3641 830 3723 Huiusmodi
845 3641 978 3722 quidem,
997 3641 1258 3706 consolationibus
1278 3640 1452 3716 utebamur,
1465 3641 1564 3704 sciens
1587 3647 1693 3706 mmcn·
1712 3643 1838 3724 quodsi

428 3741 481 3820 qui
495 3745 658 3822 proventus
669 3754 707 3801 eu
721 3737 871 3816 eiusmodi
885 3737 986 3800 causis
1004 3735 1199 3813 accedebant,
1213 3737 1245 3798 iu
1257 3750 1405 3816 expensas
1421 3751 1506 3799 meas
1521 3737 1767 3815 conterebantur,
1784 3741 1838 3804 de-

427 3837 594 3916 ductoJ'ure
604 3830 763 3898 senescalli
773 3832 845 3908 mei,
857 3833 906 3896 cui
917 3833 1005 3896 tertia
1014 3849 1084 3912 pars
1095 3836 1298 3914 proventuum
1309 3847 1365 3912 pro
1374 3829 1580 3922 sollicitudine
1590 3849 1646 3896 sua
1658 3833 1836 3900 debebatur.

425 3933 505 3998 Illud
521 3947 591 3996 vero
612 3935 676 3994 mm
695 3945 752 3993 nos
767 3945 859 4010 quam
871 3935 1077 3994 antecessores
1089 3929 1185 3992 nostri
1199 3927 1362 4008 diligenter
1375 3927 1604 3992 attendebamus
1626 3931 1708 4010 quod
1730 3933 1768 4008 is,
1785 3935 1837 4013 qui

425 4025 573 4110 ejusmodi
597 4025 767 4092 executioni
782 4026 944 4106 deputatus
962 4025 1072 4100 luerat,
1086 4025 1133 4088 ad
1158 4039 1259 4091 sacros
1282 4024 1404 4088 ordines
1432 4024 1575 4106 deinceps
1594 4043 1655 4090 non
1680 4043 1838 4110 promove·

423 4127 523 4190 batur.
545 4125 640 4200 Heus,
656 4122 737 4187 bone
755 4127 856 4202 pater,
869 4121 908 4184 ad
923 4121 1053 4201 primam
1076 4121 1277 4201 questionem
1290 4125 1422 4184 vestram
1443 4121 1669 4201 respondimus,
1684 4139 1746 4188 non
1761 4121 1838 4190 diffl-

424 4224 538 4287 cientes
560 4221 636 4302 quid
655 4219 723 4284 lieri
741 4217 859 4295 debeat,
883 4217 934 4280 sed
950 4215 1024 4298 quid
1050 4217 1224 4294 fecerimus,
1248 4232 1319 4281 cum
1342 4217 1535 4300 aliquatenus
1558 4219 1739 4300 scrupulosa
1752 4221 1837 4286 vobis

422 4319 608 4384 conscientia
616 4321 865 4396 recognoscentes
869 4357 929 4378 .....
944 4313 1312 4393 -Haecautemabsque
1325 4311 1693 4393 preindiciomelioriset
1707 4317 1838 4380 sanioris

300 4409 303 4415 ’
422 4416 541 4483 consilii
554 4415 642 4480 vobis
656 4413 729 4478 satis
746 4412 923 4478 meticulosa
937 4411 1203 4492 transcripsimus;
1227 4417 1351 4492 propter
1372 4423 1465 4492 supra
1483 4419 1669 4478 memoratas
1683 4407 1793 4477 causas
1807 4421 1837 4478 et

420 4509 586 4581 nonnullas
610 4505 689 4574 alias
708 4525 779 4589 quas
798 4522 849 4570 ruo
864 4508 985 4586 gratim
1010 4507 1201 4588 premebant,
1217 4512 1246 4570 et
1260 4523 1327 4586 ego,
1348 4507 1520 4572 venerande
1545 4509 1659 4572 Christi
1681 4509 1834 4586 sacerdos,

419 4610 497 4677 illud
511 4608 668 4674 modicum
688 4606 767 4682 uitae,
792 4619 862 4686 quaa
885 4603 963 4666 mihi
986 4602 1045 4666 deo
1065 4609 1188 4668 auctore
1211 4605 1374 4684 praebetur,
1398 4603 1625 4684 inpoenitentia
1647 4587 1679 4669 'et
1693 4605 1836 4687 l'acrpmis

419 4710 589 4788 transigere
602 4711 631 4770 et
644 4705 716 4770 ritae
734 4699 992 4784 contemplatione
1012 4701 1048 4784 (si
1064 4703 1129 4766 lieri
1144 4702 1252 4784 potest)
1263 4701 1467 4766 dulcedinem
1490 4709 1697 4784 praegustare3
1714 4719 1837 4768 necesse

419 4795 501 4870 enim
512 4801 618 4876 habui,
631 4798 706 4863 dum
717 4798 930 4879 Lugdunensis
940 4797 1222 4879 archiepiscopatus
1236 4799 1355 4862 honore
1367 4797 1528 4879 fungebar,
1541 4798 1662 4864 militiae
1676 4799 1836 4864 secularis

418 4902 537 4966 honore
549 4895 713 4980 implicari,
728 4899 910 4976 raptoreset
920 4893 1088 4974 sacrilegos,
1101 4901 1134 4960 et
1145 4901 1310 4962 stratarum
1324 4893 1519 4978 publicarum
1533 4894 1697 4960 violatores
1714 4901 1835 4960 armata
1849 4943 1850 4946 ,

416 5013 511 5062 mano
526 4993 670 5077 prosequi
680 4999 711 5058 et
723 5008 831 5058 eorum
844 4990 1028 5070 munitiones
1038 4995 1069 5056 et
1078 4988 1204 5055 castella
1213 4990 1363 5068 obsidere,
1375 4990 1561 5058 succendere
1574 4991 1769 5057 etdemolls'ri
1778 5005 1790 5067 ;.
1801 4991 1836 5054 iu
