4330 6050
501 869 538 932 te
563 880 567 894 ·
652 935 657 942 ,
822 885 987 935 oatronrnc
1009 887 1048 934 nn
1069 869 1202 934 c’ianrsn
1224 865 1581 936 antron-ricvardi.

501 1003 625 1076 solidos,
642 1011 672 1067 et
685 1007 803 1068 Sanctae
818 1005 906 1068 cruci
920 1005 1077 1083 sexaginta
1089 1001 1213 1066 solidos.
1224 1036 1253 1047 -
1274 1004 1311 1064 Et
1325 1005 1432 1064 Petrus
1445 1001 1534 1065 bonae
1550 1003 1723 1078 memorias,
1744 999 1914 1068 tuiciensis

502 1103 663 1180 episcopus
677 1100 729 1180 (Ι).
752 1135 792 1146 -
813 1102 850 1162 Et
872 1101 1044 1180 Stephanus
1065 1099 1198 1163 Orientis
1212 1097 1262 1180 (i),
1275 1097 1328 1178 qui
1356 1097 1439 1160 dedit
1456 1099 1566 1164 Sancto
1589 1100 1743 1179 Stephano
1763 1107 1915 1164 trecentas

466 1221 473 1236 ·
502 1197 595 1258 libras
609 1197 784 1260 viennenses
796 1189 851 1276 pr'o
863 1195 982 1276 duobus
993 1196 1206 1258 anniversariis
1216 1193 1371 1268 faciendis,
1385 1193 1545 1273 dequibus
1556 1195 1689 1259 denariis
1700 1197 1823 1260 inerunt
1834 1199 1912 1277 pasi-

504 1299 540 1354 ta
560 1299 680 1356 cantum
695 1292 916 1373 quinquaginta
926 1291 1013 1355 librae
1030 1307 1122 1372 super
1137 1291 1263 1354 domum
1285 1290 1490 1354 bartholomei
1505 1290 1653 1355 Richardi
1677 1290 1734 1372 (3),
1758 1295 1910 1373 quondam

503 1389 620 1463 decani,
641 1395 671 1451 et
691 1389 759 1452 aiiae
774 1395 894 1452 centnm
913 1387 1136 1469 quinquaginta
1158 1403 1249 1466 super
1263 1385 1388 1450 domum
1409 1387 1556 1466 Stephani
1573 1387 1610 1450 de
1627 1389 1794 1464 Ctrandieu,
1821 1407 1915 1454 rano-

506 1486 566 1546 pici
583 1483 634 1564 (Ι).

543 1624 566 1669 11
589 1609 705 1670 Nonas.
737 1639 816 1656 --·
846 1607 995 1670 obierunt
1026 1603 1177 1682 otgerius,
1200 1603 1339 1666 sacerdos
1366 1603 1418 1684 (ὅ),
1436 1637 1474 1648 -
1495 1611 1525 1666 et
1550 1605 1764 1684 'irmingarda
1789 1609 1910 1682 femina,

504 1721 564 1782 que
578 1703 661 1765 dedit
682 1703 720 1764 ad
743 1701 879 1765 tabulam
895 1718 1019 1764 auream
1033 1700 1194 1763 duodecim
1215 1699 1338 1763 solidos.
1374 1731 1415 1746 -
1448 1699 1616 1776 Tribertus,
1638 1701 1770 1766 decanus
1789 1703 1838 1784 (6),
1861 1705 1913 1784 qui

505 1801 589 1862 dedit
599 1801 709 1862 Sancto
725 1799 877 1878 Stephano
889 1797 1050 1860 duodecim
1071 1795 1216 1860 sextarios
1230 1809 1369 1869 mona,
1385 1803 1415 1858 et
1429 1813 1521 1858 onam
1542 1797 1686 1873 caulam,
1700 1805 1730 1862 ot
1748 1817 1843 1862 onum
1862 1819 1915 1879 cp*

506 1898 602 1976 pbum
615 1901 791 1974 argenteum
805 1909 876 1956 cnm
889 1892 1029 1966 cocleari,
1043 1897 1072 1954 et
1087 1897 1146 1953 tres
1156 1891 1261 1954 uncias
1272 1889 1339 1952 auri
1353 1889 1392 1952 ad
1406 1890 1541 1955 tabulam
1555 1893 1734 1958 taciendam.

548 2021 662 2083 Nonas.
677 2046 755 2062 --
768 2016 916 2080 obierunt
935 2016 1161 2086 Gauceraonus,
1175 2011 1330 2086 diaconus,
1345 2019 1426 2074 -et
1444 2014 1588 2088 ireneus,
1610 2015 1714 2092 laicus,
1727 2053 1768 2064 —
1781 2025 1809 2083 et
1830 2023 1915 2084 vnit·-

508 2115 626 2189 tcirnus,
640 2113 739 2188 milas,
753 2113 807 2192 qui
817 2111 899 2174 dedit
911 2124 1006 2173 unum
1018 2124 1133 2188 equum
1144 2106 1182 2169 ad
1194 2107 1351 2169 ecclesiam
1365 2107 1543 2172 taciendam.

548 2256 590 2300 vu
613 2241 697 2300 loos.
715 2266 796 2280 --
816 2221 965 2296 obierant
991 2229 1183 2303 Aurelianus,
1211 2229 1372 2309 episcopus
1393 2229 1431 2310 (7)
1458 2265 1498 2276 -
1519 2235 1549 2295 et
1568 2235 1705 2310 ttirinus,
1740 2240 1838 2316 mites,
1863 2241 1916 2322 qui

508 2335 591 2397 dedit
602 2337 713 2398 Sancto
729 2329 883 2408 Stephano
904 2343 1000 2390 unum
1019 2341 1160 2388 mansum
1178 2325 1210 2387 in
1234 2325 1382 2388 Moriione
1395 2331 1425 2410 et
1439 2329 1602 2405 quamdam
1618 2337 1732 2410 partem
1748 2351 1916 2402 memorum

507 2431 594 2508 jnxta
606 2427 796 2492 Puiiniacnm
813 2423 864 2506 (8).
917 2437 920 2444 ·
1466 2419 1483 2438 “

550 2572 591 2616 sn
613 2555 697 2615 lons.
714 2583 792 2596 --
806 2549 954 2613 obierunt
975 2543 1149 2618 Fiodoidus,
1167 2547 1198 2606 et
1216 2543 1369 2620 Artaldos,
1395 2545 1565 2628 presbiteri,
1579 2557 1654 2614 -et
1668 2553 1837 2634 Ratbodns,
1853 2561 1918 2626 dia-

515 2667 619 2722 conus,
644 2682 682 2726 ε-
704 2653 733 2710 et
756 2645 866 2726 Goigo,
886 2645 1034 2708 cartusiae
1060 2639 1098 2724 (9)
1123 2639 1293 2705 monachus
1324 2649 1354 2704 et
1378 2643 1527 2716 sacerdos,
1559 2679 1599 2690 -
1622 2653 1651 2708 ct
1687 2651 1838 2730 tomarus,
1867 2663 1917 2738 qui

516 2747 599 2814 dedit
611 2746 649 2808 ad
661 2761 738 2822 opus
749 2743 874 2820 majoris
887 2739 1022 2804 ecclesia
1035 2737 1138 2800 dacem
1157 2735 1279 2818 sotidos,
1294 2743 1371 2824 -at
1386 2739 1526 2813 Garinus,
1547 2741 1646 2818 levita,
1669 2745 1786 2828 dapifer
1803 2761 1833 2816 et
1853 2757 1920 2820 the·

515 2841 670 2907 saurarius
691 2841 713 2919 (Ι
722 2837 762 2916 0),
777 2838 830 2916 qui
847 2837 929 2900 dedit
941 2837 1052 2898 Sancto
1066 2831 1220 2911 stephano
1233 2833 1319 2896 mille
1337 2835 1518 2914 quingentos
1538 2837 1652 2902 solidos
1664 2835 1765 2920 fortes,
1782 2851 1835 2928 qui
1855 2853 1921 2916 iue-

511 2943 585 3004 runt
595 2935 664 2998 misi
681 2933 711 2996 in
728 2933 849 3012 gageria
863 2929 977 2994 domini
999 2930 1036 2994 do
1045 2927 1145 2992 vilars
1159 2925 1240 3008 apnd
1254 2931 1356 3007 Genay
1370 2937 1400 2993 et
1414 2931 1495 3011 apud
1509 2934 1692 3014 Rayriacum
1708 2939 1731 3021 (Ι
1740 2941 1780 3022 Ι),
1797 2963 1852 3024 pro
1871 2967 1921 3012 an·

512 3031 677 3100 niversario
699 3045 764 3102 suo,
782 3029 814 3090 in
836 3043 897 3108 quo
911 3021 1023 3104 singuli
1047 3024 1149 3088 clerici
1168 3023 1282 3087 sancte·
1296 3026 1411 3090 Tharne
1426 3033 1455 3090 et
1477 3029 1651 3110 capellanus
1664 3035 1767 3102 Sancti
1792 3045 1920 3109 Romani

511 3133 632 3214 plenam
651 3127 783 3190 habeant
802 3123 1056 3204 procurationem,
1076 3127 1106 3183 et
1126 3137 1182 3201 pra
1201 3122 1406 3188 anniversario
1417 3125 1516 3188 Girini
1537 3129 1690 3206 Prinnarii‚
1702 3141 1843 3203 avuncuii
1861 3143 1919 3218 sui,

542 3437 574 3498 (Ι)
593 3437 659 3484 Cette
678 3435 783 3483 mention
796 3441 853 3497 peut
869 3434 1001 3496 kgaiemrnt
1013 3431 1182 3496 a'appttquera

509 3517 600 3564 abactio
609 3515 649 3562 des
662 3515 720 3562 trois
732 3515 850 3575 premiaco
858 3515 960 3574 inques
969 3513 1001 3560 du
1013 3513 1072 3572 Pup,
1084 3511 1115 3558 du
1124 3523 1179 3557 nom

509 3597 538 3644 de
553 3595 655 3644 ctera:
673 3592 754 3642 eterra
773 3593 806 3640 itt
826 3594 854 3641 de
865 3594 1006 3651 ‚Macedon
1027 3591 1179 3648 10584078)

510 3673 589 3720 i'ierre
597 3673 628 3730 ΙΙ,
640 3673 725 3718 atto-t
733 3673 786 3730 tto,
796 3679 819 3718 et
827 3671 907 3719 Pieria
917 3670 957 3728 ΙΙΙ,
972 3671 1116 3718 itta-ttae.

541 3751 574 3814 (2)
592 3751 636 3798 Cet
646 3751 746 3798 Etienne
757 3749 855 3808 Orioni,
873 3751 967 3810 ritoyen
979 3750 1008 3796 de
1020 3747 1099 3808 hyon,
1113 3761 1180 3797 sons.

509 3831 588 3888 crivit,
600 3845 629 3878 an
642 3829 702 3876 mois
714 3829 742 3876 da
755 3829 882 3876 novambre
896 3831 965 3886 taos,
983 3827 1140 3874 istestnrnent
1150 3826 1179 3872 de
1206 3827 1208 3833 '

507 3911 641 3958 tiniiiaume
653 3907 930 3972 (linarpineiffibanoina.
944 3907 982 3970 (ΙΙ.
994 3905 1065 3954 Areb.
1077 3905 1108 3952 du
1121 3904 1177 3962 bia,

507 3991 579 4050 Agar,
598 3992 619 4048 t,
636 3997 664 4034 nt
680 3986 729 4049 to.)
744 3986 762 4033 ΙΙ
775 4001 802 4033 sa
817 3987 917 4046 cerruit,
930 3999 959 4032 an
971 3985 1039 4047 guise
1059 3985 1088 4030 de
1099 3995 1177 4042 mn,

509 4071 579 4117 d'une
592 4068 681 4116 intuitio
692 4067 790 4130 antique
803 4065 1055 4127 reprodnisanasitna
1064 4062 1178 4110 mancine

508 4158 543 4196 est
555 4149 631 4205 idota,
643 4149 676 4195 ies
687 4147 757 4196 traits
765 4147 834 4194 d'une
847 4145 996 4208 imperatrice
1005 4143 1036 4190 dn
1050 4151 1086 4190 rtre
1098 4141 1176 4190 siecle.

540 4227 573 4287 (Ι)
591 4227 618 4273 ΙΙ.
637 4226 673 4274 ei·
685 4230 765 4287 apres,
782 4239 839 4273 sous
857 4225 880 4272 ia
897 4225 950 4272 date
967 4224 998 4270 du
1018 4233 1042 4270 rs
1059 4227 1128 4269 avant
1144 4221 1177 4266 ies

509 4305 625 4352 Cuiendes
637 4304 666 4351 de
675 4305 762 4364 initiet.

1253 3433 1379 3496 ‘chorique
1400 3433 1526 3486 Hnmbnttd
1546 3435 1619 3500 (cra.
1640 3441 1668 3487 da
1688 3425 1800 3504 savigny,
1820 3459 1844 3505 p.
1867 3445 1920 3492 dds.

1259 3511 1297 3557 rb.
1314 3513 1379 3575 907),
1393 3512 1473 3563 devint
1489 3517 1566 3577 doyen
1581 3521 1651 3580 apris
1669 3519 1736 3567 Girin
1748 3521 1769 3568 ΙΙ
1786 3521 1921 3577 ichnute.

1260 3603 1313 3640 verr
1332 3597 1403 3645 tiit.
1415 3593 1433 3642 ΙΙ
1447 3609 1476 3644 na
1488 3609 1513 3644 sa
1530 3603 1614 3646 trouve
1627 3611 1674 3659 ¹pas
1690 3599 1749 3647 dnos
1766 3599 1787 3648 Ιι
1802 3601 1856 3648 tinto
1867 3609 1923 3662 pro-

1259 3669 1324 3718 doita
1335 3683 1379 3734 par
1391 3671 1424 3720 iar
1434 3679 1532 3724 eruore
1542 3675 1574 3722 dn
1586 3675 1661 3724 Gniiin
1672 3677 1815 3726 Christiana.

1291 3747 1324 3810 (7)
1341 3749 1368 3797 te
1383 3765 1412 3797 ne
1423 3753 1471 3800 sais
1489 3754 1545 3815 quei
1562 3762 1598 3802 est
1608 3761 1645 3803 cet
1658 3759 1756 3820 ireque.
1768 3757 1924 3806 'ints-certai-

1260 3835 1355 3876 nement
1371 3829 1389 3876 ΙΙ
1401 3843 1430 3878 ne
1442 3833 1510 3894 s'npit
1521 3845 1563 3894 pas
1574 3833 1604 3880 ici
1620 3831 1768 3896 d'dnrtlien,
1780 3837 1923 3900 archevtqnt
1999 3881 2004 3896 ,

1260 3905 1288 3951 de
1305 3903 1381 3967 Lyso,
1402 3921 1448 3970 que
1465 3906 1512 3957 i'on
1531 3918 1642 3958 trooren
1664 3913 1799 3970 mentionnt
1817 3913 1922 3974 cinprta

1260 3995 1317 4033 aaut
1325 3985 1347 4034 ia
1360 3985 1414 4034 dats
1424 3987 1458 4036 du
1469 4001 1492 4035 rc
1502 3989 1544 4037 des
1557 3989 1635 4038 Nom
1646 3983 1770 4052 de'laiiieti

1291 4063 1325 4126 (fl)
1342 4064 1480 4130 taproposo
1489 4067 1518 4116 de
1529 4067 1574 4118 tiro
1590 4072 1640 4118 ain
1654 4071 1790 4120 Martiana»
1806 4080 1829 4121 at
1838 4065 1924 4134 «laste

1260 4141 1416 4194 beliniacum.
1433 4162 1446 4188 a
1463 4145 1578 4195 binriieox
1593 4155 1618 4195 et
1633 4149 1780 4211 Booiipnenx
1796 4159 1850 4200 sont
1865 4152 1926 4200 deun

1259 4233 1397 4270 commones
1408 4224 1512 4272 roisines
1523 4233 1547 4272 et
1559 4227 1741 4276 trba-anciennes
1754 4231 1813 4277 dnus
1825 4231 1927 4279 terron-

1259 4300 1426 4348 disnemantda
1437 4301 1545 4350 Trtvonx
1563 4303 1636 4366 (Αἰιι).

540 4378 572 4442 (ι)
590 4379 617 4428 r.
631 4382 746 4442 crapas,
763 4393 819 4428 eous
832 4378 854 4428 t·
878 4382 931 4428 aaa
942 4381 973 4426 au
986 4393 1008 4426 a
1021 4379 1063 4427 aa
1079 4377 1177 4435 rasae
1214 4363 1218 4449 (
1291 4379 1324 4442 (Ι)
1343 4379 1375 4428 ι.
1390 4380 1654 4444 οηΙΙο-ειιιηκηκ,
1671 4389 1730 4446 pra·
1744 4385 1773 4433 aa
1784 4387 1911 4436 amone,

506 4458 594 4517 juiitet.
1215 4452 1218 4488 ¹
1293 4459 1342 4522 (to)
1360 4459 1392 4508 Ge
1409 4460 1482 4509 Garin
1496 4462 1554 4510 etait
1569 4463 1622 4523 deit
1639 4465 1753 4512 tresorier
1767 4481 1796 4514 cn
1815 4467 1872 4513 titt
1889 4465 1926 4526 (Ι.

539 4537 573 4598 (5)
591 4537 777 4584 L'arrnirccsnire
798 4538 826 4583 de
854 4551 879 4583 ce
902 4539 981 4598 pretre
1004 4550 1029 4583 se
1051 4535 1129 4584 taisstt
1156 4536 1177 4580 ir
1215 4505 1218 4613 ff
1258 4539 1375 4586 drcbires
1386 4539 1418 4588 du
1429 4539 1521 4602 Rbdne,
1533 4541 1624 4601 Festus,
1636 4541 1685 4589 roi.
1701 4545 1738 4603 tt,
1750 4545 1815 4604 pitoe
1830 4547 1930 4602 n⁰t,et

508 4619 717 4680 monsteuranni
728 4619 816 4682 i’tgtise
832 4617 978 4667 §nint-Pani.
991 4617 1136 4666 L'abitnaire
1147 4616 1176 4664 de
1260 4617 1290 4664 Le
1302 4616 1451 4678 Lnbourear,
1465 4620 1582 4679 lusores,
1601 4629 1617 4668 t.
1634 4621 1664 4679 ΙΙ,
1678 4635 1703 4682 p.
1718 4623 1784 4683 tta),
1798 4631 1822 4670 st
1831 4632 1928 4670 mourut

507 4685 1174 4759 rettatgtisatementionnaaneestamea:«rimone,
1215 4699 1217 4711 '
1258 4698 1393 4742 raritati.

506 4777 567 4824 obiit
584 4777 710 4837 Otperins,
728 4777 861 4838 presbiter,
883 4781 964 4824 nostra
983 4775 1175 4838 magestenis
1289 4771 1339 4835 (tt)
1357 4773 1538 4837 L'enpagement
1545 4777 1586 4824 icit
1600 4789 1643 4839 piar
1654 4777 1754 4825 Edenda
1762 4777 1785 4824 ΙΙ
1795 4777 1823 4825 de
1834 4778 1928 4828 tsttm.

507 4855 644 4904 ermanus.
658 4873 672 4898 a
804 4907 806 4912 ,
1214 4854 1218 4908 ξ
1257 4851 1845 4918 daeeqo'iiposttdaitiGennysttitayriaar,
1860 4865 1930 4920 porte

538 4932 570 4994 (6)
588 4932 615 4980 Je
626 4934 689 4980 crois
701 4948 748 4996 qna
759 4949 785 4982 ce
807 4931 910 4992 Tribert,
926 4933 970 4994 qni
985 4939 1021 4980 ast
1037 4930 1175 4979 mentiendi
1214 4953 1218 5017 ἲ
1257 4931 1342 4978 indata
1359 4933 1389 4982 do
1402 4933 1463 4981 mois
1474 4933 1554 4983 deant
1572 4939 1640 4985 tart.
1654 4935 1691 4999 (t.
1710 4935 1835 4996 d-deuns,
1846 4951 1873 4998 p.
1891 4941 1928 4996 t.,

506 5007 594 5060 aomina
607 5013 703 5062 ebantre
715 5015 773 5062 dans
785 5027 830 5062 una
840 5012 920 5061 ebarte
932 5013 963 5061 dn
982 5019 1058 5072 temps
1076 5011 1105 5058 de
1117 5011 1172 5058 i'ar·
1214 5022 1219 5074 )
1258 5019 1314 5059 note
1329 5011 1364 5065 Ι.)
1757 5025 1781 5058 Δο
2028 5007 2031 5012 ’
