4314 6058
519 841 577 904 ssu
1034 843 1141 905 oricus
1162 854 1415 904 snsmmeunvss.

515 991 585 1040 mus
614 989 670 1054 pro
694 974 902 1040 anniversario
926 979 1031 1038 nostro
1057 973 1171 1036 ibidem
1195 973 1355 1036 annuatim
1380 970 1529 1048 iaciendo.
1560 968 1693 1034 lieclesie
1717 969 1821 1036 Sancti
1849 971 1930 1034 Petri

515 1069 696 1136 monialium
721 1071 932 1152 Lugdunensis
956 1071 1162 1150 relinquimus
1181 1069 1290 1148 viginti
1312 1066 1406 1132 libres
1427 1067 1641 1130 viennensium
1669 1065 1708 1128 ad
1730 1065 1934 1145 acquirendos
1959 1091 1967 1104 ‘

514 1168 652 1234 redditus
670 1185 726 1251 pro
745 1169 952 1234 anniversario
970 1173 1074 1230 nostro
1095 1165 1210 1229 ibidem
1234 1170 1379 1245 perpetuo
1400 1163 1551 1227 iaciendo.
1574 1162 1682 1242 llaiorl
1697 1162 1803 1226 domni
1824 1165 1933 1226 eanu-

513 1263 607 1328 sieusi
621 1265 824 1346 relinquimus
839 1265 964 1344 triginta
983 1261 1078 1328 libras
1091 1262 1306 1325 viennensium
1330 1261 1369 1324 ad
1386 1258 1590 1340 acquirendos
1608 1259 1746 1323 redditus
1768 1275 1825 1338 pro
1844 1259 1933 1322 auni-

513 1361 648 1424 versario
659 1367 762 1426 nostro
774 1361 888 1426 ibidem
902 1365 1051 1442 perpetuo
1064 1357 1214 1422 faciendo.
1229 1358 1341 1420 Domui
1352 1355 1473 1420 liveris
1483 1355 1685 1436 relinquimus
1700 1356 1826 1435 triginta
1839 1355 1931 1418 libras

513 1455 738 1533 viennensium,
750 1474 828 1539 quas
834 1458 900 1537 jam
911 1457 1067 1532 solvimus,
1080 1471 1137 1535 pro
1150 1454 1360 1518 anniversario
1374 1459 1480 1517 nostro
1494 1453 1610 1517 ibidem
1622 1458 1770 1533 perpetuo
1782 1451 1927 1516 iaciendo.

516 1551 628 1616 Domui
649 1553 792 1634 llajorevi
813 1552 1018 1634 relinquimus
1037 1553 1145 1631 viginti
1166 1549 1262 1614 libras
1284 1550 1499 1614 viennensium
1515 1550 1554 1613 ad
1574 1548 1777 1629 aequerindos
1795 1545 1929 1611 redditus

515 1663 572 1730 pro
586 1649 793 1714 anniversario
810 1653 915 1712 nostro
929 1647 1045 1712 ibidem
1067 1653 1215 1728 perpetuo
1232 1643 1381 1710 iaciendo.
1405 1646 1517 1710 Domni
1540 1649 1702 1710 Portarum
1725 1643 1929 1724 relinquimus

514 1735 623 1824 viginti
638 1741 732 1808 libras
745 1744 958 1807 viennensium
974 1741 1014 1806 ad
1028 1741 1232 1822 acquirendos
1248 1741 1387 1804 redditus
1406 1757 1463 1822 pro
1475 1742 1685 1806 anniversario
1700 1746 1804 1804 nostro
1815 1740 1927 1806 ibidem

514 1847 663 1922 perpetuo
675 1839 822 1904 iaciendo.
836 1840 988 1903 Omnibus
997 1855 1069 1903 vero
1078 1838 1147 1901 aliis
1159 1837 1302 1902 domibus
1312 1838 1431 1902 ordinis
1442 1839 1655 1912 cannuensis,
1664 1838 1831 1917 unicunque
1840 1836 1928 1900 relius

514 1937 639 2016 quimus
653 1936 809 2016 sexaginta
820 1933 936 1999 solidos
949 1936 1159 1998 viennensium
1173 1949 1231 2014 pro
1245 1933 1400 2014 pietantiis
1414 1934 1530 1998 medem
1541 1935 1698 2000 iaciendis.
1711 1933 1845 2000 Abbacie
1856 1935 1926 1996 Ceae

515 2031 582 2108 bei,
601 2031 842 2096 claromontensi
858 2031 981 2106 moeni,
998 2029 1203 2109 relinquimus
1217 2031 1342 2108 triginta
1356 2029 1451 2094 libras
1463 2029 1684 2105 viennensium,
1702 2046 1779 2110 quas
1789 2030 1854 2107 jem
1865 2029 1925 2092 sol·

511 2127 624 2202 vimus,
639 2125 678 2189 ad
694 2125 896 2207 acquirendos
910 2123 1047 2188 redditus
1065 2140 1122 2202 pro
1137 2126 1345 2188 anniversario
1361 2133 1465 2190 nostro
1479 2127 1592 2192 ibidem
1611 2135 1758 2207 perpetuo
1777 2125 1921 2189 iaciendo.

513 2221 662 2286 Domibns
676 2220 754 2286 Belli
769 2221 851 2297 Loci,
866 2221 904 2285 de
917 2223 1040 2296 lurceu,
1064 2217 1142 2283 nuni
1163 2221 1244 2294 Loci,
1266 2222 1367 2284 Sancti
1385 2223 1502 2287 Thome
1522 2225 1554 2286 in
1571 2225 1704 2299 Foresio,
1729 2221 1867 2295 Benene,
1889 2221 1924 2284 de

513 2319 641 2382 Duobus
657 2319 753 2395 Rivis,
769 2318 808 2382 de
820 2317 888 2398 lily,
908 2317 947 2380 de
963 2317 1054 2380 Gravi
1074 2319 1188 2394 Longa,
1204 2315 1243 2380 de
1257 2315 1330 2380 Blez
1343 2323 1373 2381 et
1392 2319 1430 2381 de
1452 2319 1569 2393 Novila,
1590 2320 1756 2398 uuicuique
1773 2317 1922 2382 dictarum

512 2411 675 2478 domorum
688 2411 893 2495 relinquimus
911 2414 1067 2490 sexaginte
1085 2411 1199 2476 solidos
1217 2413 1428 2478 viennensium
1453 2431 1509 2496 pro
1533 2417 1688 2496 pietantia.
1712 2413 1807 2494 operi
1825 2414 1923 2493 pontis

514 2509 633 2574 ltodaui
651 2515 775 2574 centnm
793 2509 907 2574 solidos
926 2509 1154 2582 viennensium
1174 2509 1340 2574 maladerie
1360 2511 1558 2590 lugdunensi
1577 2512 1701 2591 triginta
1712 2509 1828 2574 solidos
1844 2509 1923 2572 vien

427 2627 432 2636 ·
513 2605 656 2670 neusium
670 2621 726 2686 pro
741 2605 900 2686 pietantia;
919 2603 1026 2667 domui
1046 2606 1278 2668 contractorum
1292 2605 1489 2684 Lugdunensi
1508 2607 1633 2686 triginta
1650 2606 1765 2670 solidos
1777 2605 1923 2668 viennen·

512 2701 594 2764 sium
613 2717 670 2782 pro
693 2703 855 2782 pictantia;
876 2701 962 2781 operi
983 2697 1144 2780 hospitalis
1164 2700 1252 2764 beate
1270 2699 1438 2765 llatherine
1456 2702 1668 2781 Lugdunensis
1683 2701 1790 2766 decem
1813 2699 1922 2764 solidm

511 2797 723 2862 viennensium
746 2795 966 2878 relinquimus;
993 2796 1079 2876 operi
1102 2795 1204 2858 Sancti
1225 2797 1305 2858 lusti
1326 2797 1432 2876 viginti
1461 2797 1575 2861 subdes
1592 2797 1822 2870 viennensium
1841 2796 1922 2876 operi

512 2895 616 2974 pontis
630 2893 730 2960 Veisie
743 2895 771 2956 li
785 2891 900 2957 solidos
920 2891 1143 2956 viennensium.
1165 2893 1241 2954 Item
1261 2891 1403 2956 volumus
1417 2899 1448 2957 et
1463 2895 1651 2974 precipimus
1668 2894 1751 2974 quod
1769 2909 1832 2956 uua
1845 2893 1922 2956 done

513 2989 705 3070 preconizatu
721 2988 758 3052 de
773 3005 836 3052 uno
851 2989 921 3052 lorti
938 2988 1033 3050 veteri
1049 2987 1179 3066 siugulis
1192 2988 1378 3068 pauperibus
1388 2993 1442 3054 liat
1454 2991 1487 3054 iu
1502 2991 1622 3054 civitate
1636 2990 1849 3070 Lugdunensi;
1862 2989 1922 3067 jam

512 3085 591 3148 laeta
604 3091 635 3148 et
649 3081 749 3147 solnta
766 3089 821 3146 est.
843 3083 975 3146 Ecclesie
993 3083 1125 3145 fratrum
1138 3083 1295 3147 minorum
1311 3085 1561 3164 Lugdunensium
1580 3084 1783 3166 relinquimus
1804 3085 1924 3164 triginta

511 3179 607 3244 libras
621 3179 833 3242 viennensium
855 3193 911 3258 pro
935 3177 1142 3242 anniversario
1163 3185 1268 3242 nostro
1292 3180 1407 3244 ibidem
1428 3188 1577 3262 perpetuo
1602 3183 1758 3257 laciend03
1781 3181 1923 3244 iratribus

509 3275 753 3356 predicatoribus
768 3274 1022 3354 Lugdunensibus
1038 3275 1195 3354 mnaginta
1206 3273 1320 3338 solidos
1331 3277 1544 3341 viennensium
1559 3293 1615 3358 pro
1634 3278 1778 3358 pietantia
1792 3277 1842 3340 dio
1855 3276 1923 3339 obi·

509 3375 559 3434 tus
573 3371 668 3434 nostri
680 3369 834 3442 lacieuda3
849 3369 1031 3434 mulieribus
1041 3371 1248 3451 penitentibus
1258 3371 1400 3450 Lugduni
1414 3375 1571 3453 senmnta
1585 3374 1700 3437 solidos
1714 3371 1922 3436 viennensium

510 3483 567 3548 pro
594 3465 756 3548 pictantie;
781 3465 909 3548 singulis
937 3467 1142 3548 hospitalibus
1171 3467 1365 3545 lugdunens.
1397 3469 1602 3549 relinquimus
1622 3469 1785 3534 duedecim
1810 3467 1922 3530 solidm

508 3563 722 3634 viennensium
746 3579 803 3644 pro
821 3563 967 3643 pietantia
986 3563 1125 3628 iacienda
1145 3563 1332 3642 pauperibus
1345 3564 1540 3641 et'inflrmis;
1554 3565 1685 3646 siugulis
1700 3563 1827 3628 reclusis
1845 3566 1919 3640 Lug·

509 3655 641 3722 dnneus.
663 3659 770 3722 decem
790 3657 904 3722 solidos
924 3659 1138 3722 viennensium
1160 3672 1216 3738 pro
1236 3654 1421 3732 elemosiua;
1446 3659 1577 3739 siugulis
1602 3659 1791 3740 cappellanis
1815 3673 1922 3738 parro-
2005 3657 2009 3666 “

509 3751 614 3817 chiam
636 3752 820 3818 habentibus
835 3753 867 3816 in
886 3755 1006 3817 civitate
1019 3751 1229 3832 lugdunensi,
1247 3753 1391 3834 ,quinque
1409 3753 1525 3820 solidos
1544 3757 1768 3822 viennensium.
1789 3751 1921 3822 llcclesie

510 3851 619 3913 Sancte
634 3850 738 3914 Crucis
760 3850 973 3930 Lugdunensis
987 3850 1191 3930 relinquimus
1206 3855 1274 3912 octe
1292 3849 1388 3914 libum
1406 3851 1619 3918 viennensium
1639 3869 1696 3936 pro
1715 3851 1921 3918 enmvmsavlo

508 3953 615 4012 nostro
628 3949 745 4014 ibidem
754 3949 912 4014 annuatim
922 3947 1071 4013 iaciendo.
1083 3947 1235 4013 Omnibus
1245 3947 1433 4030 cappellanis
1445 3959 1475 4015 et
1487 3949 1549 4016 illis
1560 3953 1613 4034 qui
1626 3959 1697 4016 sunt
1712 3967 1807 4033 supra
1817 3951 1922 4024 choro,

508 4043 561 4124 qni
576 4043 773 4110 interfuerint
787 4045 943 4127 sepulture
962 4051 1075 4122 nostra,
1098 4044 1303 4126 relinquimus
1321 4049 1380 4110 xil
1394 4047 1487 4110 lentes
1504 4055 1631 4114 veteres.
1654 4047 1840 4112 Diaconibns
1859 4062 1921 4121 sex,

507 4141 746 4208 subdiaconibus
758 4145 856 4218 illle,
870 4147 901 4206 et
910 4141 978 4204 aliis
992 4139 1165 4206 minoribus
1176 4145 1238 4204 tres
1255 4139 1349 4205 lortes
1360 4142 1577 4224 relinquimus.
1595 4148 1684 4209 Petro
1698 4143 1921 4216 dalamancis,

505 4237 611 4318 nepoti
625 4244 740 4314 nostro,
756 4239 878 4314 damus,
892 4235 1031 4318 legamus
1041 4237 1244 4320 quadraginta
1259 4234 1355 4302 libras
1366 4240 1592 4306 viennensium.
1610 4241 1741 4315 dalasie,
1755 4241 1840 4320 nepti
1857 4254 1925 4304 nos

505 4337 604 4409 treet
617 4331 753 4414 lfalconi,
772 4330 837 4398 illio
857 4351 925 4410 sno,
942 4335 1067 4414 triginta
1087 4332 1182 4398 libras
1198 4335 1412 4400 viennensium
1431 4337 1552 4414 damus,
1575 4337 1723 4418 legamus.
1743 4333 1921 4411 clementie,

504 4429 590 4509 nepti
610 4427 724 4507 ndstra,
744 4435 776 4494 et
795 4431 963 4511 Stephano,
985 4431 1050 4496 filio
1068 4447 1135 4507 sno,
1152 4431 1278 4512 triginta
1291 4430 1387 4498 libres
1404 4434 1618 4498 viennensium
1632 4435 1752 4508 damus,
1769 4430 1920 4510 legamus.

298 4595 302 4602 ,
421 4533 422 4538 ’
504 4525 583 4590 Item
596 4527 679 4606 nepti
692 4533 807 4604 uestro,
824 4525 888 4592 illie
903 4524 995 4608 lalys
1020 4529 1164 4610 predicte,
1180 4530 1270 4592 uxori
1286 4529 1403 4596 domiui
1422 4531 1571 4610 Guigonis
1596 4533 1634 4594 de
1650 4527 1797 4602 Saissuel,
1820 4528 1925 4606 viginti

505 4615 600 4684 libras
614 4621 828 4688 mennensium
840 4627 959 4699 damus,
974 4623 1123 4705 legamus.
1134 4621 1307 4706 llmulpbo,
1320 4627 1424 4706 nepoti
1439 4634 1555 4704 nosue,
1568 4627 1714 4693 eanomco
1725 4624 1925 4704 lugdunensi
1942 4641 1950 4658 ·

504 4719 536 4779 et
546 4715 723 4796 Parisiensi,
741 4721 888 4801 quiequid
902 4721 1052 4786 habemus
1070 4721 1152 4802 apud
1166 4723 1311 4786 Sanctum
1328 4723 1519 4788 Germanum
1536 4723 1682 4788 debonis
1707 4717 1925 4802 patrimoniali·

502 4809 574 4888 bus,
586 4817 618 4878 et
627 4821 749 4880 eenmm
763 4815 879 4882 solidos
890 4816 1104 4882 viennensium
1117 4815 1151 4880 iu
1159 4817 1330 4882 redditibus
1345 4835 1440 4901 snper
1452 4821 1544 4885 rebus
1554 4815 1833 4900 patrimonialibus,
1845 4831 1923 4895 quas

504 4907 749 4992 habemusapnd
769 4911 895 4989 Ansam,
912 4919 941 4978 et
962 4929 1017 4978 sex
1030 4909 1145 4978 solidos
1165 4911 1301 4988 fortium
1320 4929 1398 4994 quos
1420 4915 1570 4979 babemus
1591 4916 1626 4978 in
1651 4913 1820 4978 redditibus
1842 4912 1924 4991 apud

504 5005 652 5072 Sanctum
673 5011 849 5076 Romanum
870 5012 907 5077 de
927 5015 1054 5085 cosona,
1080 5011 1200 5086 damus,
1222 5007 1372 5090 legemus.
1398 5013 1474 5077 item
1500 5013 1600 5076 eidem
1620 5005 1783 5089 Amulplro
1802 5007 1923 5080 damus,
