4314 6058
752 855 860 920 rtlous
879 867 1131 920 tosnrrcartvus.
1181 911 1183 916 ,
1594 859 1645 919 l8t

233 990 315 1070 perit
330 991 412 1058 inlu
429 1001 548 1054 mnam
564 993 599 1052 et
614 987 759 1068 deinceps
771 1001 834 1052 nou
856 987 1092 1069 perseveraverit
1112 987 1152 1052 ub
1165 987 1238 1054 inde
1251 987 1332 1054 bona
1343 985 1469 1054 ecclesie
1483 983 1545 1053 non
1556 995 1650 1070 petet,

232 1083 282 1150 vel
296 1086 327 1150 ai
340 1085 471 1168 pauent
484 1083 577 1150 ceter·
591 1095 654 1147 non
669 1083 904 1164 adquiosqnent.
918 1085 1040 1148 Decono
1053 1085 1084 1148 et
1102 1082 1318 1148 archidiacono
1337 1083 1451 1150 dmum
1464 1098 1537 1149 oum
1549 1083 1652 1149 debito

231 1197 328 1250 onore
341 1181 555 1256 communiter,
569 1195 608 1244 eo
617 1185 745 1260 excepte
761 1179 845 1260 quod
857 1180 991 1244 decenus
1002 1179 1092 1244 debet
1103 1179 1218 1244 nabere
1226 1179 1436 1254 Luciniacum,
1448 1179 1532 1244 sicud
1544 1179 1654 1244 babrnt

232 1281 343 1346 Petrus
354 1278 492 1354 bemdi,
508 1291 579 1342 cnm
596 1277 646 1340 bia
658 1291 720 1357 que
730 1275 967 1357 adquisitusunt
977 1276 1024 1339 vel
1037 1276 1194 1340 luerintin
1209 1275 1382 1357 parrochie,
1393 1274 1441 1341 vel
1454 1273 1488 1340 in
1499 1274 1651 1342 ternodo

232 1383 287 1442 ant
298 1377 333 1440 in
345 1375 542 1458 prepositure
553 1373 692 1455 ciosum
710 1373 782 1438 ville
795 1373 958 1438 oineomni
971 1387 1075 1448 onero,
1090 1369 1294 1438 eteoclcsiam
1308 1371 1405 1438 d'lrn.
1427 1369 1651 1438 Arcbidimono
1737 1383 1743 1409 ¹

235 1473 372 1538 maenaa
386 1487 459 1538 cum
472 1469 593 1538 duobos
605 1469 785 1544 reiecunis,
804 1485 840 1536 eo
857 1475 983 1552 excepto
996 1468 1080 1550 quod
1097 1470 1285 1534 camerarius
1296 1466 1409 1534 retinet
1420 1471 1480 1536 sibi
1493 1471 1652 1536 servitium

233 1568 330 1648 orins
341 1567 425 1643 anni,
441 1568 468 1632 si
481 1565 556 1648 qnid
579 1565 719 1630 nondum
732 1571 899 1646 receperat,
914 1571 946 1630 et
961 1563 1045 1646 quod
1055 1581 1181 1646 quoquo
1194 1565 1286 1630 modo
1298 1581 1396 1648 usque
1416 1582 1499 1632 nuno
1514 1567 1649 1642 obvenit,
1694 1571 1696 1576 '

234 1683 343 1732 musas
354 1666 420 1746 jam
440 1666 577 1746 inceptas
594 1669 627 1728 et
638 1663 882 1744 persecutionem
897 1662 1082 1742 injuriarum
1096 1662 1128 1726 in
1144 1677 1178 1728 se
1196 1661 1245 1728 vel
1259 1663 1292 1728 in
1307 1679 1382 1732 suos
1397 1663 1650 1737 commiserim:

233 1761 468 1828 archidiaconus
478 1760 587 1826 mbeet
599 1759 699 1840 legem
708 1758 943 1824 constitutionis.
955 1758 1065 1823 Abbati
1075 1761 1266 1826 Sanciilusti
1277 1761 1482 1826 obedientiam
1492 1759 1652 1826 condriaci

236 1865 305 1940 post
320 1863 451 1924 mortem
466 1857 566 1922 Girini
581 1855 620 1922 de
633 1856 685 1920 Sol
699 1871 840 1920 cumano
855 1869 966 1929 oncre;
978 1861 1076 1920 terras
1089 1857 1281 1922 Gaucoranni
1295 1858 1334 1922 de
1344 1858 1452 1933 Piseiz,
1462 1873 1541 1938 onas
1554 1855 1653 1920 habe-

235 1957 287 2020 bat
299 1957 333 2022 in
344 1961 444 2020 castro
453 1954 491 2019 de
506 1952 647 2018 condreu
656 1949 705 2016 vel
720 1950 949 2028 mandamento,
963 1951 1023 2032 ipsi
1034 1952 1138 2017 abbati
1147 1959 1177 2017 et
1187 1955 1225 2017 G.
1238 1951 1334 2019 cessi
1343 1955 1524 2030 comuniter,
1537 1953 1652 2038 atinde

234 2053 352 2118 ladem
361 2049 603 2116 anniversarium
614 2051 651 2112 G.
663 2047 701 2112 de
712 2049 811 2114 Pionia
823 2053 855 2112 et
865 2051 888 2112 L
900 2047 1014 2112 aolidae
1024 2049 1237 2114 viennensium
1253 2049 1550 2114 aunuatimreddcni
1560 2050 1651 2114 maur·

234 2149 334 2231 psius
344 2149 396 2222 ilc
408 2147 534 2211 Girinus
543 2147 650 2210 subeat
661 2145 760 2226 legent
774 2144 1008 2210 constitutionis.
1023 2147 1166 2210 Preterea
1175 2145 1293 2226 pretato
1303 2145 1407 2212 abbati
1417 2146 1528 2212 damus
1542 2147 1653 2211 (livor-

236 2245 322 2324 glvvm
339 2243 414 2308 etlo
427 2231 582 2317 'chancer
598 2243 677 2306 siout
690 2241 867 2306 wuillelmo
891 2242 1109 2306 archidiacono
1132 2243 1238 2308 datum
1260 2243 1328 2319 init,
1351 2257 1422 2308 cum
1444 2243 1653 2307 anniversario

236 2341 384 2421 engonis
400 2339 517 2413 brenc3
534 2339 630 2404 nonas
648 2338 757 2402 subeat
771 2337 871 2417 legem
889 2339 1122 2404 constitutionis.
1143 2341 1319 2405 Precentori
1340 2347 1371 2405 et
1384 2339 1540 2406 Willelmo
1558 2341 1652 2406 Rullo

236 2438 445 2504 obedienciam
459 2437 497 2502 de
514 2439 626 2500 Suum
638 2435 713 2500 Fide
725 2435 938 2500 communiter.
953 2437 1069 2500 lterum
1083 2439 1255 2516 precentori
1268 2441 1327 2503 llll
1342 2439 1437 2503 libras
1449 2437 1608 2513 annuales,
1622 2445 1653 2503 et

237 2538 292 2602 iras
310 2535 476 2600 xlllibres
489 2533 602 2598 babeat
615 2531 819 2614 precentoris
838 2533 993 2608 comitem,
1009 2539 1040 2596 ct
1051 2533 1108 2596 llll
1124 2531 1237 2598 solidos
1251 2535 1462 2600 retinemusci
1479 2536 1513 2600 in
1527 2534 1655 2602 ecclesia

239 2633 340 2696 sancti
351 2630 602 2712 nardnlctipse
613 2630 749 2708 resignet
757 2626 966 2693 obedienciam
977 2629 1080 2694 Sancti
1092 2630 1226 2707 llartini;
1237 2631 1431 2696 bancautem
1442 2631 1654 2697 obedienciam

240 2730 348 2793 demus
356 2727 460 2793 abboli
472 2741 545 2792 cum
558 2741 616 2790 suo
627 2741 739 2790 onere:
755 2723 930 2790 willelmus
939 2725 1052 2788 Rullus
1061 2725 1195 2807 reliquid
1208 2725 1336 2792 ecclesie
1349 2713 1484 2804 ldiairou,
1498 2735 1529 2792 ci
1546 2729 1613 2808 ipse
1624 2733 1656 2791 et

240 2831 399 2906 precentor
412 2823 632 2890 abrenuncient
645 2821 829 2887 successioni
850 2837 943 2902 quam
958 2821 1112 2886 hebebant
1131 2837 1169 2887 cu
1187 2821 1343 2889 douticne
1355 2824 1393 2890 de
1412 2825 1549 2891 lliairem
1571 2825 1656 2890 Obe-

241 2923 352 2988 dlentie
370 2921 474 2986 sanci
492 2921 616 2985 denesii
636 2920 675 2982 de
693 2917 780 2986 Valle
800 2917 1034 2998 incorporamus
1054 2919 1142 2982 liiars
1164 2933 1236 2983 cnm
1256 2919 1464 2986 anniversario
1486 2921 1655 2986 honorilice

241 3019 389 3086 iaciendo.
406 3017 582 3084 camerario
600 3015 699 3080 Rechi
713 3012 855 3078 Toilliam
873 3029 945 3077 oum
964 3020 1028 3078 toto
1038 3029 1141 3092 onere,
1155 3021 1186 3080 et
1201 3021 1319 3082 torrem
1336 3017 1426 3082 debet
1440 3019 1551 3094 lacere,
1565 3025 1598 3083 et
1615 3017 1655 3082 ad

128 3182 131 3188 .
242 3119 472 3184 subventionem
491 3119 522 3179 et
542 3113 799 3179 constructionem
819 3109 984 3175 turrishoc
996 3111 1089 3176 modo
1102 3111 1130 3176 ei
1142 3111 1337 3194 providetur:
1354 3115 1436 3196 quod
1448 3116 1548 3196 primo
1561 3131 1653 3192 enno,

140 3276 146 3285 .
242 3231 302 3296 uuo
321 3220 476 3296 ponentur
501 3211 699 3276 fundamenta
719 3207 824 3281 turris,
837 3207 1056 3272 relaxabuntur
1082 3207 1155 3274 eiv
1177 3207 1242 3274 dies
1261 3214 1500 3291 procurationis,
1524 3214 1657 3278 soeuudc
1792 3237 1802 3254 ·

243 3327 322 3376 anno
335 3313 373 3386 V,
393 3309 489 3374 torcio
507 3323 589 3372 anno
607 3309 651 3380 v;
676 3311 706 3368 et
729 3304 802 3384 qvvia
821 3303 973 3367 credimus
996 3303 1080 3384 quod
1099 3305 1131 3368 in
1158 3305 1243 3370 brevi
1265 3321 1415 3373 numerus
1438 3311 1658 3376 canonicorum

243 3410 390 3482 adcrecat,
408 3412 480 3470 tunc
492 3404 595 3468 eritin
608 3402 765 3483 optionem
781 3397 940 3462 camerarii
953 3397 1002 3463 vel
1013 3401 1259 3480 procurationem
1277 3405 1333 3468 xx
1346 3397 1467 3469 dierum
1481 3405 1655 3471 solverevel

243 3505 365 3568 eosdem
379 3501 540 3577 redimere,
557 3499 640 3564 salve
649 3497 864 3580 procuratione
878 3493 1011 3560 aliorum
1022 3495 1152 3560 dierum.
1165 3495 1343 3564 senecaico
1356 3500 1484 3580 gardam
1498 3500 1538 3565 de
1555 3504 1659 3569 Monte

245 3601 355 3676 Aureo,
367 3607 398 3664 et
416 3600 483 3679 ipse
500 3591 690 3661 det'ccclcsie
711 3595 734 3656 L
751 3592 865 3656 sobdos
886 3591 1044 3657 debitales.
1069 3593 1201 3660 sacriste
1219 3593 1345 3660 domum
1368 3595 1406 3660 de
1430 3599 1518 3662 Foro.
1544 3601 1661 3680 liegis-

246 3706 291 3761 tro
303 3699 391 3761 llll⁰¹
404 3709 523 3758 marcas
542 3693 580 3756 de
592 3693 678 3756 Bello
688 3688 769 3754 ldlla
781 3705 852 3754 cum
867 3687 996 3752 secusia
1006 3691 1108 3754 suncti
1121 3690 1300 3770 llurcellini,
1314 3693 1413 3760 etbcc
1425 3696 1509 3776 quod
1528 3696 1661 3762 babebat

246 3794 385 3856 datheus
397 3791 436 3854 de
451 3791 639 3854 chavannon
651 3787 733 3868 apud
749 3789 896 3852 &notum
910 3789 927 3850 J
930 3791 1042 3863 uotum,
1056 3793 1087 3850 ct
1101 3788 1201 3852 eidem
1212 3790 1244 3854 in
1255 3789 1363 3870 primis
1374 3791 1568 3872 obventibns
1581 3811 1662 3875 qno-

244 3903 377 3969 cumouc
395 3883 489 3952 modo
514 3885 666 3959 evenient,
682 3887 724 3948 lll
748 3881 844 3947 libros
867 3879 1025 3945 debitales.
1046 3881 1201 3949 willelmo
1225 3887 1314 3968 dorp.
1341 3887 1446 3953 sedem
1466 3893 1609 3967 centoris,
1630 3899 1662 3954 et

252 3987 353 4051 vobem
364 3987 463 4064 wem
474 3981 708 4048 constitutionis.
724 3981 837 4044 Poncio
850 3977 889 4042 vie
904 3977 1101 4043 liechibnron
1114 3983 1296 4048 Saunariom
1311 3989 1341 4048 ct
1355 3986 1481 4050 turnum
1497 3988 1535 4052 de
1556 3991 1661 4068 Burro

247 4087 330 4148 llovo
341 4083 412 4147 etll
427 4079 541 4146 solidos
552 4075 698 4144 debitales
707 4093 778 4140 eom
792 4073 912 4137 duobus
924 4075 1149 4150 anniversariis,
1162 4076 1300 4142 videlicet
1313 4080 1389 4144 iesto
1409 4083 1619 4148 Revelacionls
1631 4093 1664 4149 et

248 4179 418 4244 anniversio
436 4177 597 4250 iohannis,
614 4171 798 4254 cappellani.
821 4171 946 4252 Hngoni
964 4169 1052 4235 Ferlo
1071 4172 1199 4251 Pignen,
1215 4182 1342 4256 excepte
1360 4177 1452 4242 domo
1466 4176 1570 4257 Florii,
1587 4180 1663 4246 dnm

248 4279 315 4358 ipse
327 4277 452 4349 vixerit;
470 4273 570 4339 eidem
588 4271 714 4352 flugoni
734 4273 859 4334 Mooseo
872 4274 902 4332 et
919 4267 1155 4348 presbiteratum
1168 4270 1207 4334 tle
1220 4271 1371 4338 lentilleu
1392 4275 1582 4356 produobus
1596 4278 1664 4344 die·

250 4373 317 4447 bus,
333 4378 363 4436 et
372 4371 430 4434 hec
440 4369 502 4433 dno
511 4369 656 4448 deinceps
666 4365 729 4430 sint
739 4361 998 4428 unaobedieocia.
1013 4365 1140 4444 Hugoni
1152 4365 1191 4430 de
1203 4365 1315 4432 lalnrn
1330 4371 1381 4434 Lx
1396 4369 1509 4437 solidos
1519 4372 1666 4440 debitales

250 4485 318 4532 cunr
335 4467 499 4543 turno...ii,
508 4471 539 4529 et
548 4466 579 4528 iu
594 4464 684 4526 vinea
698 4461 737 4525 de
749 4459 882 4524 lealesio
893 4461 955 4525 xli
964 4460 1118 4537 denarios,
1130 4469 1161 4527 et
1179 4467 1403 4532 successionem
1417 4473 1499 4535 terre
1512 4471 1550 4536 de
1563 4475 1667 4538 licnte

250 4567 360 4642 Aureo,
380 4578 475 4643 ouem
488 4560 610 4625 tenebat
631 4557 776 4637 magister
795 4559 914 4630 Petrus,
934 4555 1015 4620 inter
1028 4558 1186 4624 sacristam
1200 4568 1230 4624 ei
1250 4563 1416 4642 Hugonem
1434 4569 1665 4633 confirmamus.

251 4657 403 4725 Willolmo
422 4658 461 4722 de
475 4660 587 4724 sancto
604 4657 721 4720 Boneto
738 4657 769 4717 et
788 4655 877 4716 Petro
898 4651 1025 4724 Bervrm
1048 4655 1228 4721 comitatum
1253 4661 1434 4740 comuniter,
1459 4663 1542 4728 salvo
1565 4663 1666 4730 debito

249 4773 352 4831 censu,
368 4756 435 4820 sine
453 4752 653 4826 successione,
677 4757 707 4814 et
724 4765 786 4814 non
808 4748 927 4829 possint
953 4765 1115 4814 ascensore
1143 4753 1211 4817 sine
1232 4770 1358 4821 assensu
1382 4759 1525 4838 capitum
1546 4761 1668 4840 utrique

251 4853 383 4933 reliquid
402 4849 527 4916 ecclesie
544 4849 602 4912 XX
616 4843 731 4911 solidos
745 4842 904 4918 annuales,
919 4851 950 4908 et
967 4846 1018 4909 isti
1036 4846 1097 4910 doc
1116 4849 1228 4913 iaciunt
1243 4851 1399 4930 iusticiam
1411 4871 1505 4936 qnam
1520 4859 1668 4921 Sannum

252 4949 366 5013 solebat
376 4949 485 5013 iacere.
502 4945 615 5026 ogerio
624 4943 663 5008 de
673 4945 752 5008 Sura
765 4941 1025 5008 obedienciamvle
1039 4945 1116 5007 Lent
1128 4950 1159 5008 et
1171 4948 1315 5011 Sanctum
1326 4951 1518 5032 Stephanum
1533 4953 1669 5018 boschos

254 5059 322 5108 oum
340 5061 397 5109 suo
417 5057 520 5118 onere,
537 5039 620 5104 salvo
639 5040 709 5120 jure
728 5037 961 5119 archiepiscopi,
977 5039 1002 5101 si
1024 5039 1099 5118 quid
1123 5041 1224 5108 nabet.
1245 5047 1381 5110 Borooni
1400 5049 1610 5113 obedienciam
1630 5051 1670 5116 de
