4300 6054
524 781 690 832 4444444444
710 782 750 830 nr
770 763 909 830 u’ieurss·
925 781 965 830 44
985 780 1076 831 aron.
1089 782 1322 832 -sarssuaura
1565 769 1622 832 ⁴23

208 896 371 972 memorie,
394 897 448 977 qui
465 896 676 978 huiuscemodi
693 895 873 962 memoriale
895 895 1023 978 reliquit
1047 915 1054 960 :
1076 899 1206 980 pignora
1229 897 1359 964 ecclesie
1380 915 1436 981 pro
1467 901 1624 980 sexaginta

208 992 323 1056 mareis
342 992 479 1072 obligata
502 991 647 1068 redemit,
664 997 696 1056 et
711 993 816 1058 eidem
831 991 917 1058 dedit
938 993 1017 1059 duos
1034 995 1182 1060 bacinnos
1203 1001 1272 1060 oeta
1297 1011 1471 1062 marmium
1492 1005 1522 1062 et
1547 999 1625 1063 duas

209 1087 365 1170 ampullas
388 1095 561 1172 argenteas,
584 1089 723 1156 casulam
742 1105 837 1154 unam
852 1089 1002 1172 optimam
1017 1106 1090 1156 cum
1106 1091 1278 1168 aurilrisio,
1299 1090 1495 1158 dalmaticam
1514 1109 1622 1168 uuam,

209 1183 347 1248 tunicam
361 1199 455 1251 unam
468 1183 611 1251 simililer
622 1199 694 1250 curn
707 1185 872 1262 aurifrisio,
894 1184 1005 1250 stolam
1017 1199 1112 1250 unam
1131 1201 1203 1253 cum
1220 1187 1342 1252 lenone.
1367 1187 1393 1252 1
1415 1186 1566 1252 Rainaldo
1587 1187 1625 1250 da

210 1280 321 1360 Vergie
331 1281 463 1346 redemit
475 1282 630 1364 quandam
644 1285 811 1364 gatgeriam
826 1299 883 1365 pro
896 1279 983 1346 milla
997 1280 1113 1346 solidis.
1132 1281 1266 1362 Apriori
1282 1283 1320 1346 de
1335 1280 1463 1346 Bodella
1475 1281 1519 1362 (1)
1534 1281 1626 1346 redc-

208 1373 353 1440 mitillud
365 1377 404 1441 44
415 1377 552 1450 44444444
565 1378 605 1462 (1)
622 1393 678 1460 pro
689 1377 830 1444 4444444414
843 1375 960 1442 solidis.
976 1375 1123 1454 41444444,
1137 1377 1221 1458 quod
1235 1378 1394 1442 Guiuarda
1411 1379 1450 1442 44
1464 1378 1556 1442 domo
1568 1395 1624 1442 sua

210 1471 345 1548 tenebat,
361 1489 418 1554 pro
434 1479 551 1556 sepiem
569 1473 658 1540 libris
678 1475 851 1556 adquisivit.
869 1473 960 1556 Apud
981 1472 1198 1538 barulhaoum
1213 1473 1252 1556 (3)
1271 1475 1394 1538 terciam
1415 1480 1532 1555 partem
1546 1475 1625 1540 deci-

209 1581 333 1632 marum
342 1571 381 1634 ab
394 1571 536 1652 1444144,
549 1572 659 1647 milite,
675 1588 731 1653 pru
744 1571 849 1636 decern
860 1577 891 1635 et
904 1577 1021 1652 septem
1030 1569 1118 1636 libris
1131 1571 1304 1652 adquisivit.
1320 1575 1357 1636 lu
1367 1569 1454 1636 llalle
1466 1573 1571 1650 langa
1583 1569 1623 1652 (4)

211 1680 231 1725 4
250 1665 398 1730 Durannc
417 1667 455 1730 de
477 1666 661 1734 barzilliaco
681 1667 720 1750 (5)
744 1674 776 1732 44
792 1685 812 1731 4
827 1667 1003 1732 Guicbarda
1021 1668 1168 1749 quicquid
1183 1669 1227 1734 ibi
1245 1669 1401 1734 habebant
1418 1685 1474 1750 pro
1494 1675 1625 1748 quatuor

212 1756 300 1824 libris
313 1763 399 1826 emit.
412 1765 450 1828 Iu
460 1779 543 1838 area,
558 1764 613 1828 ubi
626 1763 791 1828 macellum
805 1779 871 1827 esse
883 1761 1010 1839 solebat,
1025 1763 1153 1830 domum
1165 1770 1346 1846 sumptuose
1358 1764 1521 1840 edillcarit,
1538 1764 1625 1843 cnjus

211 1857 360 1924 medietas
382 1862 515 1942 perlinat
538 1862 577 1925 ad
599 1859 769 1936 ecclesiam,
795 1859 943 1924 medietas
965 1859 1005 1924 ad
1027 1859 1154 1926 domum
1183 1861 1400 1942 pontificalem.
1431 1861 1564 1926 Domum
1585 1861 1624 1924 da

214 1955 345 2022 Charete
357 1956 397 2040 (4)
409 1957 607 2032 reedificavit,
622 1964 654 2022 et
666 1957 699 2022 in
711 1957 803 2022 domo
816 1971 873 2020 aaa
890 1969 1043 2020 4444444444
1058 1957 1138 2022 14414.
1155 1959 1192 2021 14
1211 1957 1362 2038 superiori
1378 1957 1455 2020 atrio
1469 1961 1582 2022 4444444
1594 1963 1624 2019 41

212 2053 365 2132 picturam
375 2054 448 2118 tecti
465 2053 631 2120 renovavit.
644 2052 671 2118 1
690 2055 781 2118 Petro
799 2051 838 2115 de
852 2050 1055 2116 1444444444
1066 2051 1143 2116 duas
1155 2053 1262 2118 414444
1275 2053 1419 2118 undecim
1433 2051 1520 2116 libris
1538 2054 1621 2118 emit.

212 2149 427 2233 1411414447),
448 2149 551 2216 abbati
565 2149 668 2214 Sancti
686 2149 776 2224 44411,
798 2146 928 2212 domum
942 2147 980 2212 44
996 2148 1107 2212 Sancto
1125 2150 1266 2216 Romano
1284 2165 1356 2214 cum
1369 2149 1558 2230 appendiciis
1569 2150 1627 2212 tri-

214 2248 299 2328 ginta
319 2247 409 2312 libris
427 2245 567 2312 redemit.
592 2243 710 2309 Eodem
729 2241 923 2324 presidente,
948 2241 1084 2306 ambitus
1115 2258 1277 2309 murorum
1305 2245 1431 2310 claustri
1462 2249 1567 2326 ceptus
1597 2255 1627 2308 et

213 2350 443 2408 consummatus
456 2348 513 2418 est,
532 2347 661 2422 etopus
682 2337 809 2404 44444414
822 2339 1011 2414 inchoatum,
1028 2341 1212 2420 permutatio
1233 2356 1357 2422 quoque
1369 2341 1449 2404 iuter
1467 2340 1626 2406 ecclesiam

213 2445 244 2504 et
254 2441 399 2506 comitem
410 2443 578 2504 Foreusem
598 2439 679 2502 iacta
693 2441 740 2500 est
762 2434 813 2518 (4).
830 2433 993 2512 Quendam
1007 2441 1132 2510 terram,
1151 2451 1244 2517 quarn
1256 2437 1338 2516 apud
1350 2439 1497 2502 Sanctum
1510 2437 1627 2502 Roma-

214 2553 290 2603 num
315 2537 356 2620 (11)
381 2537 505 2602 4444144
525 2541 557 2600 44
573 2535 611 2599 44
626 2549 689 2615 qua
707 2532 835 2598 ecclesia
856 2531 915 2596 sibi
942 2531 1181 2596 controversiam
1201 2533 1357 2609 movebat,
1382 2539 1477 2598 totam
1498 2533 1626 2600 ecclesie

216 2635 371 2712 44444441,
386 2651 424 2699 44
435 2641 541 2698 tenore
551 2638 587 2696 44
602 2646 659 2712 pro
671 2629 834 2694 medietate
845 2627 1042 2692 relectorium
1052 2627 1084 2690 iu
1097 2627 1147 2691 die
1160 2629 1360 2694 anniversarii
1373 2631 1422 2694 sui
1445 2629 1627 2713 sollempni-

215 2741 261 2798 ter
273 2727 734 2814 praeurens-ntunbartus
747 2725 786 2791 de
801 2725 916 2802 Quireu
929 2723 1001 2806 (111),
1012 2725 1164 2802 sacerdos,
1176 2727 1229 2805 qui
1241 2725 1366 2808 reliquit
1378 2728 1488 2808 majori
1501 2726 1627 2794 ecclesie

214 2831 411 2912 lugdunensi
423 2830 483 2893 tria
495 2824 714 2900 anniversaria,
730 2821 891 2902 dequibus
901 2821 963 2884 duo
973 2820 1032 2884 sita
1045 2827 1117 2884 snut
1130 2822 1162 2886 iu
1175 2829 1434 2903 conqueremeuto
1449 2825 1532 2905 quod
1545 2825 1627 2890 idam

216 2927 378 2993 Umbertus
388 2926 459 2990 iecit
480 2941 499 2987 a
517 2923 657 3002 Guigoue
675 2920 714 2984 de
728 2917 809 2985 Villa
822 2916 957 2993 Urbana,
973 2915 1145 2995 domicello,
1170 2918 1255 3000 apud
1269 2920 1508 3000 champaygueu
1520 2921 1580 3003 (41)
1595 2924 1628 2986 in

216 3027 337 3090 leodum
361 3017 765 3100 comitatushugdunensis,
787 3021 818 3080 et
840 3013 922 3096 apud
934 3015 1047 3078 Reireu
1069 3014 1141 3096 (41),
1167 3018 1283 3080 Parceu
1297 3013 1374 3100 (l3),
1396 3019 1541 3099 Geennay
1556 3019 1626 3100 (14),

220 3243 338 3297 lio-liin
360 3241 453 3303 Serert,
475 3241 587 3306 hrebiep,
603 3240 690 3304 14441,
707 3241 830 3298 444-1444
848 3236 881 3286 14
989 3231 1023 3300 (4)
1042 3252 1056 3280 s
1066 3236 1099 3284 14
1107 3236 1244 3297 1444141444,
1257 3253 1271 3282 a
1283 3251 1339 3285 mss.
1349 3237 1378 3285 de
1389 3237 1412 3285 44
1425 3237 1589 3298 bibliotheque
1601 3233 1629 3280 44

217 3319 290 3380 11444,
311 3320 374 3371 41144.
396 3321 490 3386 444144,
507 3336 534 3384 p.
552 3319 714 3386 4114)-144
734 3325 831 3369 4444444
849 3319 881 3367 44
959 3315 1034 3378 1444.

217 3400 581 3470 141414114144144444444444,
598 3405 691 3467 d'spres
710 3403 793 3452 Severi
818 3409 842 3451 et
859 3403 881 3452 la
992 3395 1026 3460 (ll)
1043 3396 1144 3457 Charsy,
1158 3405 1244 3444 444144
1252 3395 1336 3444 d'huse
1348 3394 1460 3458 (111444).

215 3479 541 3544 11111441444144414444444,
549 3497 596 3546 qne
609 3481 882 3532 14141444444444444
992 3473 1026 3537 (7)
1042 3473 1251 3536 (14144454441.
1263 3474 1392 3535 ei-dersnt,
1406 3487 1431 3537 p.
1443 3475 1482 3534 ei,
1492 3480 1547 3520 note
1556 3473 1592 3526 ⁷.l

216 3563 264 3610 4444
278 3567 374 3611 4444444
391 3564 478 3614 derunt
494 3565 516 3614 Ι4
527 3565 604 3628 44444
614 3565 679 3614 44444
700 3564 730 3612 44
740 3565 829 3628 4444144
849 3563 882 3613 44

216 3641 313 3688 4144444
324 3641 353 3689 44
364 3641 485 3705 4114441444,
500 3643 557 3707 qu’il
576 3643 730 3708 4441444414
741 3643 770 3692 44
781 3647 841 3696 ,1444
853 3642 882 3690 44

217 3717 308 3777 144144,
331 3727 408 3770 comte
433 3722 462 3770 44
485 3723 568 3771 144444
593 3722 677 3786 (lussit
699 3735 788 3786 eorpus
812 3735 882 3770 suum

218 3796 312 3858 sepeliri
335 3805 390 3846 4444
405 3801 483 3862 majus
506 3801 580 3850 444444
601 3801 674 3850 444441
699 3801 828 3850 1444444411
852 3800 883 3848 44

217 3875 309 3926 surim
330 3879 429 3930 1441444
431 3914 480 3942 .....
499 3882 565 3946 quod
584 3881 727 3946 acquisierat
744 3895 758 3930 4
775 3881 884 3932 4414444

219 3957 357 4021 1444444441,
368 3961 505 4014 nauseanti
516 3963 621 4028 comite),
633 3977 659 4013 44
674 3964 716 4030 qni
732 3970 769 4014 444
785 3978 832 4014 444
843 3977 884 4013 44-

219 4053 281 4104 4444,
296 4056 338 4092 444
348 4043 436 4107 4441144
446 4045 475 4093 44
486 4045 552 4108 hyon
565 4049 670 4110 n'aequil
679 4054 739 4096 44444
749 4047 884 4111 seigneurie

220 4118 313 4170 444444
325 4122 355 4170 44
366 4123 451 4172 braine
464 4128 535 4188 qu'en
544 4125 614 4180 eico,
624 4125 661 4190 (V.
670 4127 741 4176 hrcle.
752 4127 784 4176 44
791 4127 883 4192 libone,

221 4213 278 4249 erm.
295 4203 381 4264 Gbam,
404 4207 451 4254 441.
475 4211 514 4269 al,
533 4207 884 4270 44111144414441444144414,

222 4293 246 4340 p.
258 4282 323 4346 4414.)

253 4361 288 4424 (1)
304 4362 488 4416 841441444414
502 4367 560 4417 44414
575 4383 622 4418 444
633 4369 709 4432 petite
724 4369 817 4418 14444414
828 4381 887 4432 por·

225 4439 304 4488 444444
317 4456 364 4491 une
376 4445 450 4506 441144
460 4445 520 4494 deus
529 4447 564 4495 444
574 4449 686 4497 44414444
695 4449 727 4498 44
741 4449 849 4512 quertier
858 4447 888 4496 44

226 4517 399 4582 1414411444.
412 4519 449 4582 (V.
461 4526 489 4574 1.
503 4523 619 4586 bernard,
634 4527 767 4576 cartulaire
780 4527 810 4575 44
823 4525 889 4574 8441-

227 4611 280 4660 8⁰52
291 4614 316 4662 P·
329 4605 398 4669 ¹⁴¹·)

258 4677 290 4741 (4)
306 4680 409 4744 1144441,
418 4687 475 4746 pres
484 4685 513 4733 44
524 4685 612 4735 ’444444
621 4685 734 4751 (huosa).

258 4757 290 4820 (4)
306 4761 422 4824 14441114,
433 4773 520 4813 mutan
531 4766 560 4814 44
571 4766 693 4816 1144444444
700 4763 813 4832 (libone).

258 4835 290 4900 (4)
306 4839 373 4888 (lette
381 4841 475 4890 44441144
485 4844 562 4892 444414
569 4859 595 4892 44
605 4853 703 4894 trouver
711 4845 770 4894 daus
781 4845 814 4894 las
825 4845 892 4894 4441-

228 4926 282 4964 4444
292 4917 321 4966 de
330 4917 427 4977 Turere,

992 3551 1026 3616 (4)
1044 3553 1197 3616 1444414444
1207 3553 1339 3615 importent
1346 3567 1361 3602 4
1368 3555 1405 3602 444
1415 3553 1458 3602 4414
1468 3566 1498 3600 44
1511 3553 1580 3600 elli.
1590 3549 1628 3612 (ll.

960 3633 1071 3694 Panthu,
1087 3633 1148 3682 illst.
1163 3633 1192 3682 dc
1204 3631 1280 3696 bynu,
1291 3647 1316 3696 p.
1332 3636 1393 3694 tio,
1406 3631 1629 3692 moestiloquus.

962 3725 1038 3774 cons,
1055 3725 1168 3774 preuves,
1188 3715 1268 3775 p.57;
1287 3711 1442 3772 blonlielcen,
1463 3711 1629 3774 Lugdunensis

962 3791 1068 3840 11444414
1087 3797 1255 3850 mouumeuts;
1275 3798 1299 3839 44
1311 3798 1407 3840 4444444
1422 3791 1455 3838 14
1472 3790 1547 3850 41444,
1568 3789 1629 3838 41144.

963 3869 1004 3917 444
1023 3869 1082 3917 dues
1100 3871 1129 3916 de
1155 3869 1268 3916 1444144
1290 3876 1314 3916 44
1333 3869 1375 3917 444
1392 3875 1481 3916 comtes
1497 3868 1526 3914 44
1547 3867 1628 3924 Fores,

964 3947 1039 3996 441444
1047 3947 1130 4010 peril.
1140 3947 1169 3995 de
1180 3947 1347 4007 Gbanlelanre,
1360 3960 1469 4009 preuves,
1481 3959 1505 4007 p.
1516 3943 1567 4007 18.)

997 4026 1031 4090 (4)
1049 4027 1238 4088 Salui-Romaiu,
1248 4033 1335 4074 444444
1347 4026 1376 4074 44
1386 4025 1492 4073 11444114
1501 4023 1614 4088 (libone).

996 4103 1045 4168 (414)
1062 4103 1178 4152 humbert
1188 4104 1218 4151 44
1232 4103 1332 4163 Quireu,
1344 4104 1425 4165 preire
1436 4109 1460 4150 44
1468 4101 1590 4164 4144444414
1602 4103 1631 4149 44

964 4186 987 4234 14
998 4184 1141 4244 cathedrale,
1154 4181 1290 4245 senseririt,
1308 4197 1338 4232 eu
1350 4185 1421 4243 41414,
1433 4183 1455 4230 44
1466 4189 1592 4230 4444444444
1603 4183 1631 4230 44

964 4265 1073 4313 bulmere
1083 4264 1166 4322 444441,
1178 4271 1210 4324 44,
1223 4265 1333 4325 eutitii,
1345 4262 1407 4311 44441
1418 4261 1448 4310 44
1459 4260 1592 4309 Gulllsnme
1603 4260 1632 4307 44

965 4343 1071 4392 4144444.
1084 4341 1309 4406 (144144411444,
1322 4355 1383 4390 arm.
1394 4339 1466 4403 1444,
1476 4339 1523 4388 444.
1533 4341 1556 4398 4,
1570 4347 1606 4386 40·
1618 4345 1632 4384 a

966 4429 990 4470 44
1001 4422 1050 4486 li.)
1061 4421 1080 4470 ll
1091 4429 1189 4470 mourut
1200 4435 1255 4471 4444
1267 4423 1337 4479 tito,

999 4503 1049 4567 (Η)
1065 4497 1634 4567 0114141414444,444444444414144114144-44·
1718 4477 1719 4485 ¹
1756 4477 1760 4484 “

967 4581 1224 4648 44444-4“14(111444).

1001 4662 1051 4726 (li)
1067 4664 1195 4725 4144444444,
1204 4667 1290 4726 ceuton
1301 4659 1448 4708 441444444
1457 4656 1530 4720 (114).

1003 4744 1052 4808 (14)
1070 4743 1192 4802 Perclsus,
1202 4748 1288 4790 444444
1296 4739 1325 4786 44
1335 4739 1453 4787 1444444.

1003 4823 1054 4888 (44)
1070 4823 1255 4882 1444444444
1266 4819 1294 4868 44
1307 4817 1424 4874 Tretous.
