4330 6050
880 796 1119 849 INTRODUCTION.
1670 806 1702 851 lx

330 909 483 982 L’oeurre
509 910 553 982 de
571 914 808 984 restauration
833 915 1060 988 commences
1081 935 1145 1008 par
1165 915 1342 1009 heydrnde
1367 937 1406 988 se
1428 919 1596 990 continuo
1618 941 1703 991 sous

289 1035 346 1086 ses
359 1036 588 1090 successeurs
604 1018 806 1092 immediate
822 1042 829 1092 :
845 1020 1018 1112 agoberti,
1034 1043 1101 1116 que
1115 1008 1250 1114 l'llglise
1267 1024 1409 1114 orange
1423 1044 1467 1094 au
1478 1024 1627 1096 nornhre
1641 1025 1704 1096 des

288 1121 410 1206 saints,
424 1121 520 1194 otles
532 1135 674 1195 savants
690 1123 805 1216 parmi
821 1123 872 1196 les
886 1125 996 1197 helles
1012 1126 1256 1219 intelligeno'es
1271 1127 1314 1202 de
1329 1150 1394 1200 son
1412 1129 1703 1216 sieclehmulon,
1728 1179 1733 1190 ·

165 1277 168 1283 a
289 1247 352 1297 son
376 1227 538 1321 disciple,
557 1231 656 1302 lte'mi
672 1236 697 1313 l,
721 1229 1009 1323 archichapelain
1038 1233 1081 1324 de
1103 1232 1314 1326 l'ernpereur
1335 1234 1509 1322 Lemaire,
1529 1235 1704 1320 Aurelian,

286 1331 422 1416 eleale,
440 1337 649 1427 presepteur
665 1334 709 1406 de
721 1337 837 1420 uouit,
853 1335 911 1406 fils
922 1335 967 1408 da
991 1343 1119 1424 Boson,
1134 1338 1187 1410 roi
1208 1339 1251 1410 de
1272 1345 1495 1432 Bourgogne‚
1512 1342 1704 1426 austerius,

286 1439 384 1508 Remi
413 1443 455 1522 11,
485 1439 678 1511 Anseherie
705 1452 739 1512 et
770 1445 843 1534 Guy
868 1447 899 1527 l,
927 1445 1072 1516 ushrent
1098 1443 1143 1516 da
1169 1455 1261 1516 toute
1288 1445 1364 1516 leur
1390 1447 1539 1520 autorite
1569 1469 1630 1518 sur
1654 1447 1706 1519 les

289 1544 530 1631 eonscienees,
547 1545 590 1616 de
603 1555 699 1616 toute
720 1544 986 1619 leuriolluenoe
1001 1547 1090 1618 dans
1104 1547 1155 1618 les
1176 1549 1332 1620 conseils
1347 1551 1391 1622 de
1404 1538 1500 1622 l'E'tat
1514 1562 1548 1622 et
1569 1551 1613 1624 de
1636 1564 1708 1624 tout

288 1647 364 1718 leur
377 1648 489 1720 eredit
505 1652 634 1740 uepres
652 1650 714 1721 des
735 1650 943 1722 souverains
964 1674 1053 1743 pour
1073 1653 1160 1724 laire
1180 1676 1366 1727 reoouvrer
1381 1679 1446 1728 aux
1467 1657 1598 1748 eglises
1613 1657 1657 1730 de
1674 1658 1708 1728 la

290 1753 482 1845 metropole
492 1753 568 1826 leur
578 1756 707 1826 ancien
724 1756 1009 1848 patrimoine(l).
1027 1759 1287 1850 Lorsqu’arrioa
1304 1760 1335 1830 le
1347 1761 1467 1832 milieu
1481 1763 1526 1832 du
1538 1774 1573 1830 u·
1586 1761 1705 1846 aieole,

288 1857 320 1927 le
335 1858 433 1950 siege
452 1858 838 1954 archiepiscopalem
861 1864 1014 1934 renuet
1036 1885 1104 1954 peu
1123 1867 1204 1956 pres
1221 1869 1310 1936 daus
1326 1865 1359 1936 la
1383 1865 1622 1958 plenitudem
1648 1889 1705 1939 ses

287 1962 464 2036 riehesses
488 1978 521 2036 et
543 1965 663 2038 deses
688 1967 810 2052 droits‚
828 1978 872 2052 et,
895 1989 985 2060 pour
1002 1967 1155 2060 justifier
1170 1989 1214 2040 en
1234 1981 1310 2042 tous
1332 1971 1450 2062 points
1467 1993 1532 2044 son
1559 1974 1636 2046 titre
1660 1971 1704 2044 (le

289 2070 441 2140 Premier
455 2070 556 2161 siege
572 2071 636 2142 des
658 2072 798 2157 Gaulos,
822 2073 847 2142 il
865 2094 909 2144 ne
928 2071 976 2143 lui
994 2073 1174 2164 manqoait
1191 2073 1269 2166 plus
1290 2097 1358 2168 qua
1384 2077 1562 2148 l'erereiee
1578 2099 1703 2150 souve-

289 2173 365 2244 rain
381 2173 425 2245 de
439 2173 471 2244 la
482 2175 674 2266 puissance
693 2177 909 2271 ternporelle.
926 2181 971 2248 Ge
987 2178 1037 2248 lut
1049 2177 1080 2248 le
1096 2179 1157 2249 but
1168 2199 1236 2271 que
1249 2199 1287 2250 se
1300 2184 1533 2272 proposerent
1548 2193 1582 2254 et
1594 2183 1704 2274 qu’at·

290 2278 475 2369 teignirent
487 2279 582 2378 enlin
595 2302 656 2352 ses
671 2281 751 2374 plus
765 2281 923 2354 illustres
939 2282 1085 2374 prelets,
1102 2304 1146 2354 au
1168 2283 1356 2356 detriment
1374 2285 1437 2356 eles
1451 2299 1582 2358 eorntes
1599 2285 1701 2358 here·

245 2379 247 2382 ’
292 2382 701 2478 ditairesduiyonnais.

334 2488 589 2584 h'sreheveque
605 2475 783 2561 lturohard
806 2495 830 2572 1,
847 2486 903 2558 fils
918 2487 963 2558 de
979 2479 1166 2580 hlodolphe'
1177 2493 1214 2571 ll,
1237 2491 1289 2560 roi
1303 2491 1349 2562 de
1368 2497 1577 2584 Bourgogne
1592 2495 1648 2566 Cis
1670 2508 1704 2568 at

293 2599 563 2680 Trans-iurene,
578 2595 704 2688 appele
718 2597 738 2667 h
754 2594 938 2682 suceeder‚
953 2614 996 2663 eu
1014 2597 1090 2679 949,
1107 2595 1126 2662 a
1142 2599 1214 2686 Guy
1224 2599 1251 2678 1,
1264 2597 1336 2685 jeta
1349 2595 1400 2668 les
1413 2597 1635 2670 fondamento
1657 2601 1701 2672 de

289 2887 357 2952 laoii
371 2903 454 2953 nuno
475 2907 513 2954 er
527 2896 615 2971 parte
628 2893 679 2971 ogi
697 2891 837 2960 rideatur
849 2885 999 2971 quidquid
1013 2889 1053 2952 etl
1072 2889 1211 2953 divinum
1228 2887 1465 2968 persolvendum
1476 2887 1611 2957 ollioium
1625 2895 1701 2958 ordo

288 2986 433 3064 exposcit
443 3003 516 3054 narn
524 2989 624 3055 haheo
634 2987 734 3054 scolas
744 2993 904 3054 eantorum
912 3002 950 3050 er
960 2985 1072 3066 quihus
1082 2979 1223 3064 plerique
1232 2985 1349 3048 itaaunt
1359 2985 1470 3048 eruditi
1480 2988 1702 3054 uteoiamalios

286 3080 408 3145 erudire
417 3083 534 3162 possint
539 3131 598 3149 .....
614 3086 720 3149 Habeo
738 3085 836 3148 scolas
855 3083 1063 3147 lectorum.....
1081 3080 1227 3144 Similiter
1245 3082 1424 3146 vestimento
1439 3083 1634 3150 sacerdotum
1655 3086 1701 3150 vel

285 3174 455 3240 ministeria
469 3181 642 3258 procuravi.
662 3182 706 3244 De
724 3179 945 3244 restauratione
959 3193 1081 3258 quoque
1095 3175 1303 3252 ecelesiarum,
1322 3177 1355 3240 in
1368 3182 1518 3258 qnantum
1533 3179 1624 3256 valui,
1641 3195 1702 3244 non

286 3271 420 3349 cessari;
435 3273 478 3337 ita
493 3281 527 3337 ut
548 3273 688 3353 ejusdem
702 3275 832 3341 civitatis
851 3275 1019 3338 maximam
1033 3273 1288 3354 ecclesiamque
1310 3278 1354 3336 est
1381 3273 1413 3336 in
1436 3273 1584 3338 honorem
1606 3277 1702 3340 sancti

285 3367 437 3432 iohannis
452 3371 597 3451 Baptistae
615 3389 633 3434 a
649 3388 727 3436 novo
743 3371 918 3452 operuerim
941 3377 972 3434 et
989 3369 1137 3433 macerias
1153 3375 1290 3450 exparte
1310 3369 1468 3433 erexerim.
1485 3370 1632 3436 Similiter
1649 3387 1702 3436 ee-

285 3463 386 3530 elesiae
406 3468 509 3530 Sancti
532 3469 680 3549 Stephani
708 3472 921 3548 tegumentum
934 3467 971 3530 de
996 3481 1074 3530 noro
1099 3466 1258 3546 reparavi;
1275 3464 1435 3530 eeclesiam
1457 3483 1580 3547 quoque
1597 3471 1701 3534 Sancti

284 3561 395 3624 Nicetii
408 3562 532 3626 donoro
544 3565 636 3628 etiam
648 3565 718 3628 teri.
730 3562 1045 3629 similitereoclesiam
1057 3565 1176 3626 Sonotae
1189 3564 1305 3639 Mariae,
1319 3564 1431 3641 praeter
1443 3565 1701 3630 monasteriorum

281 3660 534 3736 restaurationes,
546 3661 655 3724 domus
665 3677 788 3742 quoque
799 3657 998 3740 episcopales,
1008 3675 1104 3722 unam
1116 3660 1292 3735 restauravi,
1307 3660 1449 3738 quaejam
1459 3676 1537 3740 pene
1548 3661 1701 3725 destructa

280 3759 359 3829 erat,
376 3771 471 3836 quam
496 3756 654 3836 operui...
684 3754 858 3820 claustrum
878 3769 1004 3835 quoquo
1020 3751 1202 3818 elericorum
1223 3753 1266 3818 ita
1286 3755 1453 3830 construxi,
1478 3756 1511 3818 in
1533 3773 1595 3835 quo
1620 3773 1701 3821 nuno

279 3865 390 3914 omnes
402 3852 461 3914 suh
470 3867 533 3916 uno
547 3851 683 3916 conclavi
696 3863 821 3915 monere
834 3856 1013 3913 noscuntur.
1036 3851 1073 3912 ln
1085 3849 1193 3914 eadem
1206 3849 1326 3913 civitate
1338 3847 1592 3916 aliesrestouravi
1607 3855 1701 3919 eoele-

277 3947 345 4010 sias
361 3964 369 4010 :
387 3957 481 4012 imam
495 3947 619 4028 quidem
631 3947 827 4022 inhonorem
841 3945 955 4010 sanotae
966 3944 1095 4009 Eulalia
1098 3991 1158 4009 .....
1172 3951 1314 4026 exparte
1325 3947 1473 4010 macerias
1491 3949 1556 4028 eius
1568 3949 1607 4012 uo
1626 3950 1700 4014 fuo-

276 4045 434 4110 mmenus
447 4046 541 4110 erexi
555 4045 626 4110 Alia
639 4059 763 4126 qnoque
773 4041 884 4106 domus
902 4043 935 4108 in
954 4043 1107 4107 honorem
1117 4043 1214 4107 saneti
1228 4043 1315 4107 Pauli
1328 4043 1367 4106 de
1383 4059 1461 4107 novo
1473 4051 1579 4124 operta
1589 4051 1634 4108 est
1636 4091 1698 4110 .....

272 4142 503 4208 nonasterium
515 4145 639 4223 qnoque
652 4138 873 4222 puellarumin
888 4139 1041 4204 honorem
1054 4139 1150 4202 saneti
1160 4141 1245 4204 Patri
1260 4139 1433 4204 dedicatum
1436 4183 1496 4205 .....
1516 4156 1607 4220 egos
1624 4143 1700 4207 tun-

272 4237 433 4302 damentis
444 4243 507 4312 ton
522 4239 685 4304 eeclesiam
698 4241 932 4320 quandonam
946 4237 1124 4312 restauravi,
1140 4237 1194 4300 uhi
1206 4253 1290 4302 nuno
1305 4239 1552 4306 sanctimoniales
1568 4254 1699 4329 numero

272 4329 556 4410 uigintaduarum
567 4332 735 4398 secundnm
750 4334 973 4398 institutionem
982 4333 1154 4413 regularem
1166 4333 1309 4410 virentes,
1319 4333 1461 4399 habiero
1475 4335 1628 4413 ridentur,
1640 4341 1697 4400 etr.

270 4427 323 4508 (V.
341 4430 385 4491 Ie
396 4429 584 4506 labourear,
603 4437 744 4496 moseres
756 4429 793 4495 cle
808 4419 1002 4506 l’lle-Bar'he,
1021 4435 1043 4494 t.
1059 4432 1084 4506 1,
1104 4446 1135 4510 a.
1150 4429 1199 4493 47.
1212 4461 1255 4477 -
1272 4429 1458 4510 Montaloon,
1478 4430 1699 4517 turdonensis

266 4522 424 4591 histem
436 4535 651 4600 mooouoeoto,
668 4543 699 4607 n.
715 4529 786 4590 ete.
797 4527 993 4614 ehrehives
1004 4526 1045 4589 du
1058 4526 1194 4607 Rhene.)

313 4621 358 4703 ll)
383 4623 419 4687 ll.
440 4625 592 4702 manuel,
607 4625 690 4698 vul,
708 4625 1121 4703 383623,1x‚399etseq.;
1138 4622 1300 4706 d'hohery,
1318 4623 1478 4708 sotertes,
1497 4631 1518 4688 t.
1539 4627 1609 4699 llll,
1630 4625 1699 4688 tor·
1768 4625 1775 4632 “

266 4722 333 4784 439
344 4733 354 4792 ;
366 4717 501 4796 halare,
514 4715 655 4794 uocet,
666 4720 720 4784 lih.
740 4723 789 4798 11;
804 4720 993 4798 Menestrier,
1009 4721 1092 4786 Hist.
1105 4720 1248 4804 deuyoe,
1273 4725 1416 4800 Preuves‚
1429 4735 1696 4804 namur-xum

174 4891 177 4898 ‚
257 4814 463 4894 hlouialeon,
488 4815 587 4900 loqu.
616 4815 698 4882 iiior.
726 4822 949 4894 meseonem
976 4816 1124 4894 Ber-nard,
1151 4821 1237 4884 Cart.
1262 4817 1300 4884 de
1328 4817 1470 4906 sootqoy
1493 4823 1524 4886 et
1544 4815 1699 4902 &Aioow

252 4915 399 4989 beverl,
415 4908 556 4997 Areltt'ep.
573 4911 685 4996 Loqd„
702 4916 760 4977 ete.
1096 4949 1097 4952 =

322 5033 325 5038 ·
1452 5031 1469 5074 n
