4314 6058
549 885 714 934 currunms
736 888 774 935 uu
795 869 931 936 n'bscnss
951 886 991 934 nn
1011 883 1328 934 suom-novamne.
1600 869 1651 930 tet

241 1001 281 1068 lis
299 1005 553 1090 imperpetuum,
570 1000 711 1066 videlicet
736 1002 785 1066 die
813 999 896 1078 lune,
923 1001 974 1066 die
998 1002 1157 1078 mercurii,
1178 1001 1229 1066 die
1256 1000 1377 1065 veneris
1395 1004 1427 1062 et
1451 998 1500 1062 die
1527 999 1656 1076 sabbati,

238 1100 373 1166 celebret
386 1117 443 1182 pro
463 1099 624 1174 defunctis,
645 1105 677 1162 at
695 1099 727 1162 in
744 1097 806 1162 tine
820 1097 916 1162 misse
935 1097 1048 1162 babeat
1065 1096 1166 1161 dicere
1183 1103 1215 1162 et
1234 1095 1373 1162 dicetne
1393 1091 1570 1179 metendae
1587 1111 1658 1160 cum

241 1213 304 1259 tana
322 1197 460 1259 oratione
473 1209 566 1275 super
580 1193 687 1258 tumba
700 1209 770 1257 inea
787 1209 858 1257 cum
879 1209 960 1274 aqua
973 1193 1143 1257 benedicta.
1165 1195 1241 1256 Item
1256 1191 1352 1256 voluit
1367 1197 1398 1256 at
1410 1191 1561 1254 ordinavit
1576 1191 1658 1272 quod
1733 1251 1736 1256 .

243 1295 293 1356 die
311 1293 475 1367 dominica,
499 1291 548 1354 die
565 1290 674 1354 martis
692 1297 723 1354 et
740 1287 790 1354 die
802 1289 881 1369 jovis
899 1288 1019 1370 legatur
1037 1287 1216 1370 psalterium
1228 1289 1382 1353 submissa
1394 1303 1477 1363 voce,
1496 1289 1586 1352 annis
1600 1289 1659 1352 sin·

242 1383 392 1469 gulis,'in
416 1393 614 1470 perpetuum,
635 1385 720 1450 omui
744 1387 930 1466 septimana,
953 1393 1017 1468 per
1033 1385 1227 1468 capellanum
1251 1386 1304 1466 qui
1329 1385 1420 1450 debet
1452 1383 1607 1450 celebrare
1627 1387 1658 1448 in

243 1487 361 1568 capella
379 1485 516 1566 predicta
535 1481 615 1546 bcati
634 1481 752 1549 Thema
772 1483 1002 1562 predamnatis,
1018 1483 1065 1546 vel
1080 1499 1135 1563 per
1154 1481 1261 1558 alium,
1275 1483 1301 1546 si
1317 1481 1477 1547 commode
1494 1498 1550 1562 per
1570 1480 1659 1546 illum

245 1587 312 1648 neri
328 1601 391 1648 non
412 1588 524 1666 posset,
546 1588 577 1645 at
597 1583 639 1644 ita
656 1581 740 1646 omni
760 1581 810 1644 dte
824 1588 982 1663 perpetuo,
1006 1597 1062 1664 pro
1082 1581 1218 1645 remedio
1239 1582 1410 1646 animosus
1429 1579 1548 1645 dicatur
1566 1580 1661 1644 missa

245 1681 293 1744 val
317 1681 437 1758 legatur
463 1679 642 1762 psalterium
665 1677 834 1742 meandum
849 1679 1072 1742 ordinationem
1096 1679 1274 1758 predictam.
1298 1681 1336 1742 Et
1353 1679 1506 1742 ordinavit
1519 1683 1549 1740 et
1566 1675 1662 1740 voluit

245 1775 326 1855 quod
346 1789 442 1856 prope
460 1773 615 1840 tumulum
628 1789 720 1836 suum
733 1789 795 1836 una
816 1774 971 1850 cathedra,
991 1791 1052 1856 que
1066 1773 1178 1856 ligetur
1192 1793 1262 1839 cum
1277 1793 1338 1840 uua
1357 1777 1487 1842 cathena
1506 1775 1616 1852 tenes,
1632 1780 1662 1836 et

247 1873 357 1952 ligetur
370 1869 662 1952 unumpsalterium
676 1885 746 1934 cum
761 1870 842 1934 dicta
853 1871 983 1935 cathena
999 1887 1071 1936 curn
1084 1871 1147 1934 alia
1160 1873 1289 1936 cathena
1304 1874 1412 1948 terrea,
1431 1874 1462 1936 in
1478 1889 1540 1952 qna
1555 1871 1662 1935 cathe-

247 1969 417 2048 dralegens
434 1967 613 2048 psalterium
634 1966 760 2042 sedebit,
779 1973 809 2030 et
826 1983 947 2048 semper
966 1967 1094 2032 hebebit
1105 1973 1246 2048 paratum
1266 1967 1455 2050 psalterium.
1472 1971 1510 2032 lit
1523 1984 1579 2049 pro
1596 1968 1661 2030 istis

237 2065 389 2138 ‚omnibus
413 2063 559 2127 iaciendis
578 2070 609 2134 a
626 2061 805 2144 conpleudis
827 2063 911 2127 dedit
932 2065 1092 2144 allegavit
1116 2065 1209 2130 semel
1235 2065 1381 2130 ducentas
1405 2071 1436 2129 et
1459 2065 1663 2146 quadraginta

246 2161 339 2224 libras
356 2159 568 2222 viennensium
588 2158 692 2234 semel,
717 2175 772 2238 pro
790 2159 901 2222 annuis
918 2159 1087 2224 redditibus
1103 2161 1240 2224 emendis
1251 2167 1281 2226 et
1298 2161 1501 2243 adquirendis,
1518 2162 1561 2224 ita
1579 2159 1661 2242 quod

249 2255 378 2334 perfecte
396 2261 425 2317 et
441 2255 507 2318 sine
525 2255 653 2318 detteetu
670 2259 802 2334 quatuor
819 2256 912 2318 misse
924 2255 1064 2320 dicantur
1079 2263 1109 2320 et
1123 2256 1304 2338 psalterium
1320 2265 1367 2322 ter
1384 2259 1470 2323 omni
1494 2259 1664 2342 septimana

248 2355 484 2433 imperpetuum,
511 2357 542 2416 et
560 2365 653 2430 super
674 2351 733 2414 troc
756 2353 894 2414 oneravit
923 2352 1127 2416 consciencias
1148 2353 1369 2418 venerabilium
1394 2355 1531 2419 virorum
1556 2353 1663 2418 decani

235 2457 278 2512 'et
302 2447 427 2530 capituli
451 2446 712 2527 Lugdunensium,
737 2455 767 2508 et
787 2447 959 2526 specialiter
972 2449 1191 2513 conscienciam
1217 2451 1342 2514 sacriste
1365 2451 1588 2530 lugdunensia,
1610 2451 1664 2532 qui

249 2563 304 2626 pro
328 2553 466 2625 tempore
486 2543 587 2619 luerit,
605 2543 692 2620 errius
708 2541 900 2606 collationem
914 2543 1011 2608 voluit
1029 2545 1066 2606 ad
1086 2545 1188 2625 ipsum
1208 2547 1380 2626 pertinere;
1405 2545 1458 2610 sed
1480 2554 1583 2612 tamen
1600 2547 1666 2627 pri-

245 2659 327 2707 mam
339 2641 564 2706 ordinationem
582 2645 612 2704 et
630 2637 823 2702 collationem
838 2638 933 2704 voluit
948 2645 986 2702 at
996 2640 1147 2704 ordinavit
1161 2642 1200 2704 ad
1215 2657 1287 2704 suos
1303 2649 1487 2723 executores
1499 2645 1664 2724 pertinere,

250 2755 381 2820 quorum
395 2737 599 2802 conscienciae
609 2751 701 2816 super
714 2736 858 2816 predictis
873 2739 1009 2800 oneravit
1024 2743 1055 2800 et
1065 2738 1097 2800 ln
1110 2737 1160 2802 die
1171 2739 1277 2817 iudicii
1293 2741 1480 2820 responderi.
1497 2743 1535 2804 ut
1546 2741 1572 2803 si
1587 2741 1667 2821 capi·

252 2834 351 2897 tulum
368 2831 572 2910 lugdunense
588 2831 620 2892 in
635 2829 781 2909 predictis
796 2831 943 2894 iaciendis
958 2831 1130 2912 impediret,
1151 2834 1283 2912 legatum
1306 2837 1432 2899 ecclesie
1450 2835 1618 2900 adbimavit
1637 2842 1667 2898 et

250 2930 356 3004 voluit,
369 2931 420 2993 die
434 2930 536 2992 ubiuis
551 2927 610 3000 sui,
627 2925 813 3006 pauperibus
825 2927 937 2992 Christi
952 2928 1156 3008 deLugduno,
1171 2932 1203 2994 in
1219 2931 1376 2996 refectorio
1388 2933 1582 3012 lugdunensi
1596 2947 1667 2996 aro-

252 3028 327 3108 gari.
340 3027 418 3090 Item
430 3025 551 3103 legavit,
563 3029 593 3086 et
606 3021 730 3085 donavit
739 3027 768 3084 et
780 3022 926 3101 relinquit
939 3039 1036 3087 unum
1051 3025 1293 3090 anniversarium
1302 3029 1431 3108 simplex
1446 3029 1571 3092 ecclesie
1586 3029 1669 3092 beati

252 3121 402 3186 lobannis
421 3121 555 3200 Baptista
571 3117 768 3196 lugdunensi
788 3117 963 3182 librandum
986 3127 1016 3183 et
1034 3120 1279 3186 distribuendum
1301 3126 1457 3188 canonicis
1475 3129 1505 3188 et
1524 3127 1669 3206 incorpo-

252 3221 325 3281 ratis
340 3218 418 3281 dicte
434 3215 572 3291 ecclesie,
586 3216 638 3294 qui
653 3223 807 3293 presentes
822 3222 911 3278 erunt
925 3215 1084 3280 dieobitus
1095 3219 1143 3282 sni
1157 3220 1189 3282 in
1202 3221 1387 3284 matutinum
1399 3223 1430 3284 in
1444 3221 1570 3301 agendis
1583 3237 1670 3286 mor-

253 3319 416 3378 tuorumat
429 3313 462 3376 in
473 3313 568 3376 missa
581 3311 792 3386 anniversarii,
809 3311 852 3374 ita
865 3311 947 3390 quod
959 3327 1013 3376 aex
1021 3312 1139 3378 denarii
1150 3315 1358 3380 viennensium
1375 3319 1526 3382 librentur
1536 3319 1569 3382 iu
1580 3334 1671 3398 agen-

252 3411 299 3474 dis
315 3417 518 3483 mortuorum,
538 3416 569 3472 et
589 3407 641 3472 alii
660 3425 713 3471 ses
730 3407 848 3470 denarii
865 3409 1076 3473 viennensium
1096 3411 1129 3473 in
1146 3413 1242 3474 missa
1258 3416 1473 3488 anniversarii;
1495 3421 1526 3478 at
1543 3415 1570 3478 si
1595 3415 1671 3480 alias

253 3506 428 3581 libraretur,
438 3506 496 3568 nisi
504 3505 695 3586 presentibus
708 3505 738 3566 in
749 3503 874 3584 agendis
884 3510 1075 3569 mortuorum
1087 3507 1160 3570 etin
1170 3508 1265 3572 missa
1278 3509 1490 3587 anniversarii,
1501 3507 1672 3592 pradictum

255 3603 499 3668 anniversarium
513 3601 681 3666 adbimavit
696 3607 724 3664 et
744 3600 821 3663 illud
835 3599 942 3677 voluit,
959 3598 1014 3664 illa
1034 3601 1093 3680 die,
1109 3603 1142 3667 in
1156 3605 1325 3682 refectorio,
1350 3609 1462 3672 Christi
1485 3609 1673 3690 pauperibus

255 3700 385 3780 erogari.
398 3701 436 3764 ut
445 3716 502 3780 pro
513 3699 579 3763 istis
593 3705 741 3780 perpetuo
756 3697 903 3762 iaciendis
916 3702 948 3761 at
959 3698 1150 3778 complendis
1164 3699 1289 3766 donavit
1298 3709 1330 3766 at
1339 3703 1447 3784 legavit
1459 3705 1557 3771 sexies
1567 3705 1673 3784 viginti

256 3799 351 3864 libras
364 3793 686 3862 viennensiumsemel
702 3810 761 3874 pra
775 3792 887 3856 annuis
900 3793 1071 3858 redditibus
1086 3797 1281 3876 acquirendis
1291 3800 1474 3864 atemendis.
1489 3805 1565 3866 ltem
1579 3803 1675 3866 votuit
1768 3850 1771 3862 .

258 3900 287 3957 et
299 3893 434 3976 precepit
445 3891 538 3972 qnod,
554 3891 705 3972 acquisito
719 3889 799 3954 dicto
814 3889 1033 3966 anniversario,
1047 3891 1129 3972 qnod
1146 3893 1260 3972 pingue
1272 3893 1369 3958 voluit
1380 3897 1507 3975 acquiri,
1521 3897 1603 3977 quod
1614 3914 1674 3960 ma-

260 3988 408 4069 niglerius
428 3989 507 4052 dicte
524 3987 649 4052 ecclesie
668 3985 892 4066 Lugdunensis,
909 3985 963 4066 qui
986 4003 1042 4067 pro
1061 3993 1199 4068 tempore
1216 3990 1317 4064 luerit,
1334 3997 1434 4054 teneat
1450 3993 1564 4057 dictum
1585 3995 1676 4058 anni-

258 4085 440 4160 versarium,
456 4086 499 4148 ita
508 4085 601 4166 quod,
617 4082 755 4164 quolibet
766 4099 856 4158 anuo,
872 4087 907 4146 ut
920 4099 1015 4164 snpra
1028 4083 1143 4146 dictum
1157 4091 1214 4160 est,
1226 4083 1340 4149 librare
1352 4093 1500 4151 teneatur.
1514 4091 1551 4152 ltt
1563 4091 1588 4152 si
1601 4091 1677 4170 quid

260 4182 373 4246 residui
388 4182 491 4258 tuerit,
507 4182 581 4262 quia
593 4181 681 4261 pauci
696 4180 835 4244 canonici
848 4183 879 4242 et
892 4179 1078 4259 incorporati
1094 4181 1217 4258 luerint,
1237 4183 1396 4248 residuum
1408 4191 1550 4265 erogetur
1564 4188 1678 4251 Christi

262 4277 449 4357 pauperibus
477 4291 570 4357 super
595 4276 701 4340 tumba
720 4292 776 4338 sua
802 4290 856 4354 per
876 4273 1099 4354 maniglerium'
1116 4278 1343 4357 supradictum,
1370 4282 1469 4346 etilla
1486 4283 1555 4361 dio,
1581 4285 1679 4348 dictm

262 4373 469 4454 maueglerius
480 4373 610 4436 libretur
624 4374 702 4437 sicut
713 4371 909 4468 incorporati.
931 4375 967 4435 ln
986 4371 1045 4434 hoc
1063 4378 1166 4436 autem
1184 4376 1321 4438 oneravit
1333 4378 1551 4457 maniglerium
1569 4394 1680 4460 supra-

263 4469 377 4532 dictum
389 4467 481 4550 quod,
494 4467 617 4548 qnando
627 4467 693 4550 ipse
708 4473 813 4547 surget
824 4467 863 4531 ad
874 4469 1050 4542 matutinas,
1065 4468 1148 4549 quod
1159 4470 1235 4550 ipse,
1246 4471 1383 4552 qualibet
1392 4481 1490 4551 nocte
1504 4477 1681 4541 recordetur

263 4566 299 4628 de
309 4567 412 4628 anima
422 4583 479 4628 sua
489 4565 617 4630 dicendo
632 4565 766 4646 psalmos
778 4563 825 4628 vel
841 4566 995 4628 orationes
1006 4581 1087 4628 suas.
1101 4567 1204 4630 volarit
1216 4573 1316 4633 bmen
1331 4571 1420 4635 illum
1433 4571 1607 4654 astringiad
1622 4575 1681 4639 boc

262 4659 356 4739 qnod,
369 4662 612 4740 qualibetnocte,
626 4661 706 4725 dicat
720 4670 763 4726 De
773 4659 948 4746 profluentis
960 4677 1052 4742 super
1071 4661 1189 4727 tumulo
1208 4681 1265 4729 suc
1278 4683 1421 4734 unacum
1438 4651 1584 4736 oratione.
1604 4675 1681 4736 turn

264 4755 358 4819 voluit
377 4757 459 4837 quod
476 4759 631 4840 predictus
642 4758 843 4839 meniglen'us
858 4759 1095 4840 imperpetuum,
1117 4761 1166 4826 die
1179 4763 1281 4827 obitus
1295 4767 1353 4840 sui,
1374 4770 1498 4848 quando
1511 4767 1683 4834 celebrabi-

265 4859 315 4915 tur
327 4855 424 4918 missa
438 4855 637 4918 anniversarii
651 4855 710 4931 sni,
728 4861 821 4936 ponat
834 4871 931 4918 unum
947 4873 1084 4936 pannum
1103 4873 1197 4938 super
1206 4859 1361 4925 tumulum
1374 4881 1475 4941 suum,
1496 4865 1557 4928 dno
1571 4867 1684 4930 cande-

266 4949 352 5013 labra
361 4965 432 5015 cum
447 4951 567 5016 duobus
582 4952 686 5028 cereis,
700 4958 730 5016 et
744 4951 857 5018 ibidem
872 4959 1074 5033 permaneant
1089 4951 1185 5018 donec
1198 4957 1294 5020 misse
1307 4957 1346 5022 sit
1357 4961 1456 5025 linita.
1474 4963 1619 5027 Sacerdos
1630 4967 1684 5044 qui

266 5047 391 5110 missam
408 5049 608 5112 anniversarii
625 5045 801 5123 celebrabit,
819 5049 903 5111 tlnitn
918 5049 1022 5124 missa,
1037 5049 1137 5112 veniat
1149 5067 1243 5132 supra
1257 5053 1409 5120 tumulum
1425 5076 1514 5123 suum
1525 5076 1592 5124 cunt
1610 5061 1686 5144 slya·
