4314 6058
545 876 710 926 orrrunrrm
732 880 771 926 nu
793 861 926 926 r'bcirss
948 879 987 926 uu
1009 877 1099 928 uren.
1112 879 1339 928 -novsucnm
1591 869 1648 928 155

225 991 381 1072 Stephani
398 993 437 1056 de
451 994 540 1072 Goysi
552 994 590 1075 (1)
606 995 689 1060 etde
703 995 923 1078 laRajaciltl;
942 1002 973 1060 et
986 993 1063 1058 alias
1076 995 1191 1076 sepcies
1204 995 1310 1074 viginti
1325 995 1420 1060 libras
1437 995 1649 1062 viennensium

231 1089 388 1168 ponendas
406 1091 438 1154 iu
457 1099 716 1170 conqueremento
735 1109 793 1174 pro
806 1093 1014 1156 anniversario
1029 1092 1162 1168 Girardi‚
1185 1092 1341 1172 quondam
1354 1091 1457 1158 iratris
1472 1094 1530 1170 sui,
1553 1096 1585 1156 in
1600 1095 1650 1158 die

230 1187 332 1250 obitus
346 1189 392 1250 sui
405 1189 565 1252 annuatim
581 1189 730 1253 iaciendo.
755 1190 848 1270 Operi
866 1189 1006 1268 ejusdem
1025 1186 1152 1252 ecclesie
1174 1188 1281 1252 decem
1303 1187 1399 1252 libras
1426 1190 1648 1263 viennensium.

232 1284 338 1362 Maiori
353 1284 517 1349 elemosine
531 1284 656 1365 triginta
668 1287 891 1350 mornantesios
911 1287 1057 1368 siliginis3
1078 1287 1190 1350 minori
1206 1285 1371 1350 elemosine
1389 1294 1512 1350 centum
1538 1287 1651 1352 solidos

231 1382 460 1454 viennensium
477 1382 561 1461 operi
577 1384 685 1446 Sancte
698 1383 803 1448 Crucis
818 1383 926 1465 viginti
942 1383 1057 1446 solidos
1072 1383 1300 1455 viennensium
1318 1379 1434 1462 capelle
1448 1382 1534 1448 beate
1556 1386 1651 1448 llario

231 1477 444 1558 Lugdunensis
460 1479 586 1542 ecclesie
602 1479 761 1560 sexaginte
780 1479 874 1544 libras
889 1479 1100 1544 viennensium
1115 1479 1271 1560 ponendas
1290 1480 1323 1542 in
1336 1485 1606 1560 conqueremento,
1622 1489 1650 1544 et

232 1574 337 1654 viginti
349 1575 463 1638 solidos
478 1577 607 1638 torcium
618 1592 767 1640 novorum
777 1575 939 1640 solvendos
950 1577 1094 1640 eisdema
1106 1575 1264 1657 capellano
1274 1576 1376 1638 Sancti
1390 1573 1558 1640 Marcellini
1573 1575 1651 1640 dua-

232 1673 289 1734 bus
300 1671 423 1750 synodis
436 1687 529 1751 super
539 1670 690 1735 decimam
701 1689 795 1752 quam
807 1672 973 1752 adquisivit
982 1671 1063 1752 apud
1076 1674 1222 1735 Sanctum
1234 1670 1449 1736 Marcellinum
1462 1669 1501 1754 (3)
1512 1688 1530 1733 a
1541 1672 1649 1735 Pontio

232 1767 369 1842 Giraudi,
385 1765 558 1831 domicello.
576 1769 735 1832 ordinavit
748 1774 849 1831 tamen
864 1767 947 1848 quod
966 1767 1142 1846 hujusmodi
1157 1773 1322 1848 proventus
1337 1767 1484 1848 percipiat
1498 1767 1537 1829 ad
1555 1768 1650 1831 vitam

231 1881 318 1928 suam
328 1866 505 1940 Dumnnus,
518 1863 695 1945 capellanus
710 1881 795 1939 suus,
805 1869 835 1927 et
849 1863 960 1926 serviet
971 1863 1003 1924 iu
1015 1863 1095 1926 dicta
1108 1851 1321 1942 capella.·Pos't
1330 1863 1448 1926 obitum
1462 1869 1564 1926 autem
1572 1865 1647 1942 ejus,

233 1960 327 2026 voluit
337 1968 369 2026 et
380 1962 514 2042 precepit
525 1960 607 2041 quod
617 1961 677 2024 dno
690 1960 861 2024 sacerdotes
874 1957 1005 2022 instituti
1016 1957 1048 2020 in
1060 1957 1141 2020 dicta
1153 1957 1273 2038 capella
1287 1959 1419 2026 babeant
1433 1958 1513 2024 dicta
1524 1961 1605 2024 bona
1619 1967 1651 2024 et
1702 2003 1704 2009 ι
1730 1991 1733 1996 -

231 2057 527 2123 communiceutsibi
547 2057 651 2120 omnia
664 2055 745 2120 bona
757 2055 835 2118 dicte
855 2051 982 2134 capelle.
998 2053 1031 2118 Si
1053 2053 1130 2116 torte
1149 2054 1306 2118 ordinator
1320 2055 1398 2118 dicte
1415 2053 1532 2136 capelle
1554 2057 1650 2120 nollet

231 2155 274 2217 ibi
287 2155 364 2217 duos
378 2153 535 2217 instituere
548 2153 731 2228 sacerdotes,
747 2151 884 2232 precepit
900 2150 983 2230 quod
996 2167 1071 2214 suus
1090 2167 1248 2214 successor
1261 2152 1448 2216 camerarius
1462 2152 1648 2232 Lugdunen-

231 2251 272 2313 sis
290 2249 454 2330 compellat
477 2249 580 2329 ipsum
600 2265 656 2330 per
674 2248 880 2336 retentionem
893 2245 1047 2310 dictorum
1068 2246 1235 2322 bonorum,
1255 2253 1286 2310 et
1304 2247 1387 2328 quod
1411 2249 1546 2328 assignet
1559 2266 1595 2313 ea
1609 2249 1649 2312 ad

233 2348 289 2410 bec
300 2347 393 2410 alicui
407 2345 445 2410 de
455 2345 524 2408 aliis
535 2343 700 2426 capellanis
714 2343 753 2406 de
768 2341 1110 2422 ecclesiaLugduueusi.
1126 2341 1158 2405 Si
1170 2359 1243 2406 vcro
1256 2341 1434 2423 capellanus
1453 2347 1555 2409 Sancti
1571 2349 1649 2410 Mar·

231 2441 334 2505 celliui
353 2439 449 2506 nollet
463 2441 580 2504 solvere
601 2441 757 2504 aunuatim
772 2439 867 2502 dictos
882 2439 989 2518 viginti
1008 2435 1123 2502 solidos
1146 2439 1235 2502 dictis
1253 2441 1373 2504 duobus
1394 2441 1602 2505 sacerdotibus
1615 2443 1648 2504 in

232 2538 312 2604 dicta
323 2535 441 2619 capella
458 2537 616 2613 institutis,
630 2540 765 2619 precepit
779 2539 860 2618 quod
876 2538 947 2600 dicti
962 2536 1023 2598 duo
1037 2533 1188 2616 capellani
1201 2537 1312 2600 dictam
1330 2535 1479 2600 decimam
1504 2537 1647 2602 loventot

234 2637 414 2719 percipiant.
431 2639 468 2698 lit
483 2651 577 2700 unam
592 2651 721 2716 cappam
735 2635 883 2714 optimam
902 2633 940 2695 de
953 2633 1049 2696 scrico
1063 2633 1094 2694 in
1110 2631 1215 2696 ecdem
1231 2633 1359 2696 ecclesia
1371 2631 1507 2714 reliquit.
1525 2635 1596 2716 §—
1612 2637 1649 2698 lit

235 2735 381 2814 magister
395 2735 504 2797 Petrus
521 2731 666 2804 corderii,
683 2729 846 2794 canonicus
861 2727 1039 2792 Parisiensis
1057 2734 1088 2790 et
1109 2728 1344 2792 Cenomanensis
1365 2728 1404 2810 )1)
1425 2737 1455 2792 et
1474 2729 1648 2810 prebenda·

232 2833 295 2894 rins
311 2831 403 2910 hujus
420 2827 558 2904 ecclesie,
579 2829 632 2908 qui
647 2826 759 2907 legavit
772 2827 871 2890 eidem
885 2823 1010 2888 ecclesie
1024 2830 1147 2887 centum
1166 2821 1258 2886 libras
1268 2823 1478 2886 viennensium
1494 2841 1550 2904 pro
1564 2827 1648 2888 enrri-

188 2993 190 2998 ,
232 2928 364 2990 versario
383 2943 439 2989 suo
459 2927 491 2988 in
506 2923 612 2988 eadem
627 2923 754 2987 ecclesia
772 2921 932 2986 annuatim
952 2919 1105 2996 lacieudc;
1126 2935 1185 2998 que
1200 2935 1320 2982 summa
1339 2920 1467 3000 pecunie
1479 2921 1537 2982 tuit
1550 2921 1648 3000 posita

234 3026 263 3087 in
274 3027 531 3104 conqueremento
544 3021 626 3102 quod
646 3021 715 3084 lecit
728 3017 855 3083 ecclesia
869 3033 887 3080 e
899 3016 1024 3079 domino
1038 3017 1055 3078 J
1058 3016 1178 3078 ohanne
1190 3011 1228 3078 de
1241 3015 1401 3090 varennis,
1416 3017 1561 3079 canonico
1573 3019 1649 3096 Lug-

230 3120 360 3184 dunensi
378 3119 429 3202 (5),
446 3119 504 3182 sito
522 3117 604 3198 apud
619 3117 767 3180 iconium
791 3113 841 3196 iti),
856 3119 887 3176 et
900 3117 947 3175 est
961 3112 999 3175 de
1012 3113 1118 3175 frenco
1131 3110 1255 3174 allodio.
1268 3143 1309 3156 -
1322 3113 1359 3175 lit
1373 3111 1518 3188 magister
1532 3113 1647 3176 Girou-

231 3219 287 3281 dns
308 3219 360 3299 (7),
389 3215 478 3278 miles
504 3217 535 3278 in
555 3211 682 3277 ecclesia
705 3210 914 3294 Lugdunensi,
931 3209 984 3288 qui
1008 3207 1133 3290 reliquit
1152 3207 1232 3270 dlcte
1254 3204 1381 3270 ecclesie
1405 3209 1647 3276 anniversarium

229 3330 320 3378 suum
343 3331 436 3394 super
450 3313 576 3376 domum
596 3327 694 3384 suam,
711 3325 805 3389 quam
820 3305 981 3379 inhabitat,
998 3320 1058 3386 que
1081 3309 1127 3366 est
1144 3303 1176 3366 iu
1201 3303 1334 3367 claustro
1356 3303 1552 3383 lugdunensi
1575 3313 1648 3372 ante

230 3409 441 3483 relectorium,
464 3407 717 3480 anniversarium,
733 3407 872 3484 inquam,
891 3404 922 3465 in
937 3401 1017 3464 dicta
1033 3397 1160 3464 ecclesia
1174 3403 1322 3480 perpetuo
1334 3399 1518 3476 laciendum,
1533 3402 1565 3464 in
1584 3421 1645 3482 quo

230 3502 406 3585 capellanus
420 3505 523 3568 Sancti
545 3503 676 3568 Romani
701 3503 823 3582 plenam
847 3499 956 3562 babeat
984 3496 1240 3576 procurationem.
1263 3498 1341 3558 imm
1364 3491 1488 3575 reliquit
1510 3495 1647 3561 debitum

229 3600 312 3680 quod
326 3586 536 3664 sibidebebat
557 3597 726 3680 capitulum
740 3593 877 3670 ecclesie,
889 3591 1029 3657 videlicet
1052 3591 1196 3655 ducentos
1218 3597 1248 3655 et
1260 3593 1368 3672 viginti
1392 3591 1487 3656 libras
1504 3594 1646 3659 viennen-

158 3683 162 3690 ’
229 3695 309 3764 sium
321 3712 377 3784 pro
398 3695 590 3776 acquirendis
611 3693 780 3758 redditibus
794 3690 905 3754 annuis
918 3689 956 3752 ad
972 3705 1050 3769 opus
1065 3689 1223 3768 cujusdam
1238 3689 1343 3752 altaris
1365 3690 1396 3752 iu
1420 3689 1501 3753 dicta
1521 3689 1646 3758 ecclesia

230 3791 425 3871 Lugdunensi
439 3793 528 3856 certis
543 3792 683 3874 personis
701 3787 874 3868 assignatis,
896 3787 949 3866 qui
966 3785 997 3847 iu
1013 3783 1093 3848 dicte
1115 3783 1270 3848 celebrent
1290 3799 1343 3848 seu
1363 3782 1513 3850 celebrari
1536 3785 1646 3874 faciam

230 3889 467 3970 imperpetuum,
484 3888 615 3969 singulis
629 3887 747 3960 diebus,
768 3901 825 3966 pro
837 3883 939 3946 anima
953 3881 1024 3944 dicti
1045 3881 1183 3960 magistri
1201 3881 1348 3958 Giroudi3
1365 3882 1419 3962 qui
1437 3881 1575 3948 redditus
1588 3885 1644 3950 de-

231 3985 305 4052 bent
317 3986 466 4064 assignari
486 3983 576 4048 altari
590 3984 676 4048 beate
696 3982 792 4046 Mario
813 3975 992 4058 magdalene
1004 3977 1037 4040 in
1058 3976 1139 4040 dicta
1156 3973 1285 4039 ecclesia
1296 3975 1522 4055 Lugdunensis,
1535 3981 1567 4042 in
1583 3997 1645 4060 quo

231 4079 423 4144 celebrentur
435 4081 529 4144 misse
544 4095 600 4160 pro
617 4079 720 4142 anima
733 4075 805 4139 dicti
822 4073 967 4148 defuncti,
981 4077 1011 4136 et
1025 4087 1103 4152 quas
1123 4070 1270 4134 ducentas
1286 4077 1316 4136 et
1328 4073 1435 4152 viginti
1452 4072 1547 4174 libras
1563 4077 1646 4138 misit

263 4324 297 4390 (1)
322 4325 393 4375 Galsa
417 4324 731 4390 (subumbrans-dest),
759 4329 846 4371 canton
869 4322 898 4368 da
1005 4315 1039 4380 (1)
1056 4313 1616 4380 ornat,communali-eontotnpstttbbne).

231 4407 597 4470 sstseSympiortenlscbuet
610 4403 722 4468 (Rhene).
1005 4395 1040 4458 (7)
1057 4395 1156 4452 Person
1173 4401 1300 4444 mammem
1315 4397 1358 4458 qui
1368 4404 1438 4458 porte
1448 4396 1472 4444 la
1484 4395 1537 4444 date
1546 4395 1576 4442 do
1586 4394 1641 4456 juin

260 4489 298 4553 (2)
313 4489 347 4538 lan
357 4489 463 4551 litium,
479 4495 564 4536 canton
576 4489 605 4536 da
614 4483 898 4548 Salat-Symphorlen-lo-
974 4476 1043 4534 lm,
1053 4480 1077 4522 et
1085 4473 1145 4522 daus
1160 4473 1238 4536 laquel
1249 4475 1266 4522 il
1274 4489 1300 4523 se
1312 4469 1409 4537 qualibe
1420 4475 1497 4524 ainsi:
1508 4489 1523 4519 ι
1531 4474 1582 4536 ligo
1592 4487 1644 4522 ma-

234 4567 326 4618 Cbttel.
970 4557 1048 4620 'putor
1062 4556 1183 4606 (iiroudut
1194 4558 1223 4606 de
1240 4557 1380 4619 Matiscone,
1403 4557 1533 4607 maculem
1545 4555 1645 4604 Gonda-

263 4639 898 4710 (Μαίη-1111111111,οιπωιιάσθιΙιιι-Βιωθοη
973 4637 1232 4701 111111111111111111
1257 4639 1356 4687 ecclesia
1382 4637 1551 4702 lugdunensi,
1579 4655 1593 4682 ι
1618 4651 1644 4684 ee
1682 4683 1695 4720 θ

233 4725 333 4793 (boire).
695 4753 697 4758 -
973 4717 1065 4766 Girouvl
1075 4717 1174 4766 multus
1184 4731 1247 4779 pour
1259 4731 1304 4786 son
1313 4717 1415 4766 btrtvtsr
1424 4716 1644 4778 bartbtlemycbi·

263 4804 298 4870 (1)
315 4805 395 4872 Pistre
402 4805 514 4866 Gordlsr,
526 4805 569 4870 qul
584 4805 621 4863 tut
633 4803 698 4854 aussi
709 4801 828 4851 mentior
838 4797 898 4846 daus
917 4833 921 4838 .
973 4796 1046 4854 valor,
1058 4795 1152 4856 eltcyen
1166 4796 1195 4844 de
1210 4795 1286 4856 byca,
1303 4809 1347 4844 son
1363 4797 1457 4856 masin,
1472 4802 1495 4844 st
1505 4795 1532 4842 dt
1545 4795 1586 4842 des
1595 4793 1643 4854 legs

233 4884 321 4950 1131111
331 4885 530 4948 metropolitains,
542 4891 640 4942 mourut
653 4897 706 4932 vora
726 4883 795 4935 1282.
814 4877 896 4942 (drab.
973 4887 1020 4922 aar
1032 4873 1092 4920 illies
1103 4872 1132 4921 ds
1145 4873 1235 4922 licuerat
1251 4875 1280 4922 de
1289 4875 1374 4936 llarey,
1392 4876 1453 4924 mari
1466 4875 1529 4922 desa
1537 4873 1642 4930 cousins,

234 4963 364 5028 debborae,
374 4967 445 5027 Agar,
458 4966 504 5013 vol.
517 4967 541 5024 b,
550 4974 579 5013 πο
588 4961 638 5026 tt.)
974 4959 997 5000 at
1011 4955 1025 5000 1
1038 4951 1100 5012 dlix,
1110 4965 1136 5000 ta
1146 4960 1254 5014 parente,
1268 4953 1502 5001 iemedllumbert
1517 4953 1545 4998 de
1557 4951 1641 5012 varey,

265 5041 299 5106 (5)
315 5043 343 5094 V.
355 5043 485 5114 Ι1111111111,
498 5055 523 5108 ρ,
534 5046 588 5104 tib,
601 5051 656 5092 uota
668 5043 691 5106 2,
975 5031 1011 5096 lv·
1021 5033 1092 5080 Arth-
1103 5031 1135 5080 du
1147 5031 1237 5094 lilibus,
1247 5032 1319 5102 Agar,
1332 5033 1379 5082 vol.
1393 5034 1417 5092 1,
1428 5041 1457 5080 ιι*
1467 5031 1501 5106 i.)
