4300 6054
568 801 734 856 omnnium
754 807 794 856 us
814 785 949 858 n'isnrsu
970 806 1009 856 nn
1030 803 1305 858 liobe-ltilllllt.
1615 793 1647 854 til

240 933 320 1002 quos
332 921 521 1002 aequisivita
531 919 656 986 domino
668 923 799 1000 lingone
808 920 917 996 trram
932 922 1087 1001 quondum
1106 922 1204 988 milite
1220 922 1279 1005 ttl3
1295 929 1325 986 et
1345 923 1399 1004 qui
1418 929 1540 988 eentum
1564 925 1654 988 solidi

240 1025 313 1089 eunt
325 1019 471 1084 situetiiu
484 1018 700 1082 mandamento
712 1018 909 1098 nuperum
923 1018 975 1099 tit).
997 1021 1034 1082 itt
1055 1019 1152 1084 voluit
1167 1025 1198 1084 et
1213 1019 1374 1095 ordinarit,
1392 1021 1431 1085 do
1450 1022 1603 1086 voluntate
1625 1029 1655 1085 et

241 1131 390 1180 consensu
401 1114 508 1180 decani
520 1115 696 1195 etcopituii,
712 1114 794 1195 quod
808 1115 841 1178 in
860 1115 937 1178 testo
951 1115 1031 1180 beati
1050 1116 1141 1182 dirici
1154 1121 1185 1181 et
1197 1117 1351 1182 sociorum
1365 1121 1430 1199 ejus
1441 1119 1653 1184 nerelesmm

241 1211 395 1290 integrum
408 1211 441 1275 in
460 1212 559 1276 tribue
579 1211 723 1286 ecclesiis,
744 1211 884 1276 videlicet
902 1213 1004 1278 saneti
1021 1213 1181 1290 lobannis,
1204 1217 1306 1280 Senoti
1328 1217 1475 1298 Stephani
1495 1223 1526 1280 et
1545 1219 1654 1281 Sancte

243 1308 348 1388 Crucis
358 1323 430 1372 cum
443 1324 549 1390 grosse
558 1299 707 1388 campano
719 1315 750 1372 et
763 1311 842 1372 ix...
859 1309 896 1372 od
911 1309 1059 1374 bonorem
1072 1311 1139 1386 Dei,
1154 1311 1242 1376 boeto
1253 1313 1488 1393 lterievirginis
1498 1321 1528 1378 et
1539 1315 1654 1394 prodic-

242 1413 343 1470 torunr
353 1411 541 1481 ¹sanctorum,
557 1413 587 1470 et
606 1405 672 1470 vice
688 1406 844 1486 magister,
859 1407 912 1486 qui
925 1423 981 1487 pro
1001 1413 1138 1490 tempore
1153 1411 1244 1474 luerit
1256 1411 1320 1474 vioe
1331 1412 1476 1491 magister
1487 1411 1654 1476 inecclesie

243 1503 447 1583 nomenensi,
464 1504 585 1580 bobert,
596 1510 697 1568 tenent
709 1511 739 1568 et
751 1503 904 1585 possident
915 1503 1067 1585 predictos
1081 1513 1203 1572 eentum
1221 1508 1344 1583 solidos,
1358 1515 1388 1572 et
1399 1510 1436 1573 de
1447 1509 1522 1590 ipsis
1533 1510 1565 1572 in
1581 1525 1654 1589 pre-

241 1601 322 1664 diolo
341 1602 418 1665 testo
440 1601 532 1666 libret
551 1601 795 1666 etdistribustin
808 1602 890 1665 bunc
904 1601 1041 1678 modum,
1063 1605 1202 1669 videlicet
1215 1609 1303 1668 IIII⁰r
1317 1607 1431 1670 solidos
1442 1607 1654 1670 viennensium

242 1698 377 1772 sacriste,
392 1699 446 1780 qui
457 1713 514 1778 pro
526 1703 663 1778 tempore
674 1697 776 1772 luerit,
795 1713 851 1778 pro
863 1699 1020 1778 campanis
1032 1699 1191 1778 pulsandis
1201 1701 1233 1764 in
1246 1704 1378 1782 vesperis
1400 1703 1431 1766 in
1451 1703 1555 1783 vigilis
1572 1711 1602 1766 et
1622 1703 1654 1766 in

242 1795 328 1858 tmto.
341 1797 420 1858 Item
433 1795 558 1858 cuilibet
577 1795 723 1860 canonino
743 1799 774 1857 et
791 1795 985 1875 incorporato
999 1797 1137 1876 ipserum
1152 1797 1363 1874 ecelesiarum,
1379 1801 1432 1880 qui
1447 1801 1479 1863 in
1497 1802 1655 1864 matutinis

242 1890 314 1954 dicti
324 1891 393 1954 teeti
405 1905 529 1972 presens
541 1890 738 1970 lueritusque
749 1889 788 1954 ed
801 1889 954 1970 psalmum
966 1891 1158 1966 Benedictus,
1174 1892 1246 1956 VIII
1258 1893 1374 1957 denarii
1388 1893 1513 1970 dentum
1526 1902 1557 1959 et
1567 1897 1656 1958 sinu·

242 1987 312 2052 tlter
331 1987 449 2051 custodi
472 1988 575 2052 suncti
596 1986 754 2068 Stephani,
774 1985 894 2050 duobus
912 1987 1089 2053 custodibus
1110 1992 1218 2053 Senete
1241 1992 1346 2054 Crums
1364 1997 1394 2056 et
1410 1993 1534 2056 saorIste
1553 1994 1655 2057 suncti
1705 2045 1722 2072 ,

243 2083 766 2164 sopiremsipresentestuorintin
779 2077 957 2148 oborissuis
968 2085 1001 2148 in
1012 2087 1253 2152 matutinisdicti
1264 2088 1332 2152 testi
1343 2105 1440 2169 usque
1451 2089 1490 2152 ed
1501 2090 1655 2169 psalmum

241 2179 433 2254 Benedictio,
454 2183 526 2244 VIII
546 2179 889 2244 donariidentur.1tem
912 2179 1041 2244 cuilibet
1060 2181 1279 2261 predictorum,
1295 2183 1350 2264 qui
1370 2191 1525 2264 presentes
1543 2185 1658 2248 luerint

242 2277 273 2340 in
287 2291 400 2356 mogun
411 2275 506 2339 misso
519 2275 668 2342 dictilesti
678 2276 825 2356 usquead
838 2287 947 2361 ipone
964 2278 1030 2352 liei,
1046 2293 1099 2342 sex
1111 2279 1229 2343 denarii
1242 2280 1362 2344 deutur.
1381 2284 1459 2345 item
1477 2281 1603 2346 cuilibet
1618 2282 1657 2343 de

243 2387 337 2452 snpra
353 2371 442 2436 dictis
453 2373 507 2452 qni
519 2378 674 2453 presentes
684 2373 798 2438 inerint
809 2373 842 2436 in
856 2373 919 2438 sair
928 2375 1031 2439 chorte
1044 2376 1077 2438 in
1091 2376 1224 2456 vesperis
1235 2377 1407 2458 ipsiusiesti
1418 2393 1515 2458 lisque
1527 2378 1565 2440 od
1573 2379 1657 2458 psel-

243 2479 330 2530 mum
349 2470 544 2553 iiepnifieat,
567 2483 620 2534 sex
643 2469 763 2534 denarii
785 2470 905 2534 dentur.
932 2475 1008 2535 lum
1028 2472 1172 2538 omnibus
1187 2471 1225 2536 do
1247 2473 1429 2553 supradietis
1450 2475 1603 2538 cononicis
1627 2479 1657 2536 et

242 2562 454 2644 incorporatis,
469 2567 495 2628 si
509 2567 648 2632 montell
661 2567 840 2631 iuiirmitete
856 2567 979 2642 luerint,
995 2568 1078 2647 quod
1089 2569 1128 2632 ed
1144 2568 1302 2634 ecclesiam
1314 2571 1417 2634 venire
1439 2586 1501 2634 non
1522 2579 1656 2650 possent,

242 2661 375 2724 necsino
387 2662 524 2742 periculo
537 2664 674 2744 corporis
684 2663 733 2726 sui
745 2664 789 2727 ibi
802 2665 927 2738 morari,
937 2670 1001 2728 tote
1011 2665 1196 2738 distributio,
1212 2666 1301 2730 sicuti
1315 2667 1368 2730 uui
1385 2667 1423 2730 de
1433 2667 1502 2730 aliis
1512 2667 1658 2747 incorpo-

242 2757 327 2830 ratis,
342 2757 442 2822 detur.
458 2763 535 2824 Item
548 2761 674 2824 cuilibet
687 2761 835 2841 ipsorum,
855 2761 909 2841 qui
923 2761 1037 2824 luerint
1053 2762 1185 2825 revestiti
1206 2763 1238 2825 in
1258 2778 1371 2842 magne
1382 2764 1485 2838 misse,
1496 2765 1658 2829 etduobus

243 2853 394 2918 cleriwlis
406 2855 587 2922 candelabre
601 2858 795 2937 portantibus
813 2861 855 2922 vi
877 2858 994 2920 denarii
1006 2858 1126 2922 dentm.
1147 2861 1225 2921 Item
1239 2859 1364 2923 utrilibet
1380 2860 1504 2924 illorum
1526 2861 1657 2925 duorum

242 2949 508 3030 incorporatorum
526 2953 624 3032 quiin
637 2969 750 3032 mogus
766 2955 859 3018 misse
870 2955 981 3018 lenient
992 2969 1092 3035 cepas,
1103 2953 1272 3018 Videnurii
1286 2955 1405 3018 dentur.
1420 2959 1497 3019 Item
1510 2959 1656 3022 secerdoti

243 3047 431 3125 quimissom
442 3049 652 3114 matutinalem
664 3050 830 3114 celebrabit
838 3051 905 3132 ipse
913 3051 964 3114 die
974 3052 1041 3115 testi
1053 3051 1092 3114 ed
1102 3051 1197 3114 altare
1208 3053 1311 3116 Souoti
1323 3054 1453 3134 sperati,
1466 3043 1656 3118 titiensiu-

244 3143 282 3208 rii
294 3143 415 3208 deutrrr.
431 3147 469 3208 Et
478 3145 615 3226 dyonono
626 3153 656 3209 et
669 3147 862 3226 subdyacono
874 3148 999 3212 cuilibet
1012 3151 1100 3214 ΙΙΙΙ(π
1110 3147 1227 3212 denarii
1237 3148 1358 3211 dentur.
1372 3153 1449 3214 Item
1462 3151 1525 3213 illis
1537 3151 1657 3214 duobus

244 3241 455 3320 incorporatis,
477 3243 531 3321 qui
549 3241 651 3308 dicent
669 3242 703 3306 in
718 3243 877 3308 matutinis
893 3244 966 3308 dieti
985 3245 1053 3308 iesti
1067 3245 1134 3320 Vll,
1151 3247 1201 3308 Lx
1220 3251 1251 3308 et
1268 3245 1325 3310 Vll
1343 3245 1517 3322 lectionem,
1534 3247 1660 3312 cuilibet
1774 3261 1780 3274 ·

246 3339 342 3400 ville
355 3337 472 3402 denarii
488 3339 599 3403 deutur
620 3339 701 3403 ultre
723 3355 811 3402 suom
825 3341 1007 3420 portionem.
1030 3344 1107 3410 Item
1126 3339 1271 3404 omnibus
1281 3341 1480 3422 cappellanis,
1497 3343 1615 3407 clericis
1629 3350 1660 3406 et

247 3433 399 3498 clericulis
409 3435 442 3496 in
453 3433 552 3499 tribus
563 3436 666 3499 eboris
685 3435 725 3498 ed
743 3437 909 3502 matutinos
920 3437 1118 3500 existentibus
1132 3436 1258 3502 cuilibet
1270 3437 1410 3516 ipsorum
1423 3457 1504 3504 unus
1517 3441 1660 3505 denarius

138 3533 146 3553 ·
247 3530 345 3594 dmur.
362 3533 438 3596 Item
450 3533 483 3596 iu
496 3533 630 3612 vesperis
643 3533 746 3612 ipsius¹
761 3533 831 3595 testi
848 3533 985 3597 totidem.
1005 3537 1081 3598 Item
1096 3535 1128 3596 in
1151 3549 1263 3614 magne
1284 3535 1378 3598 misse
1399 3538 1430 3600 in
1444 3539 1538 3602 choro
1556 3541 1659 3604 Ssncti

248 3628 374 3693 Joonnu
387 3629 523 3692 leudem.
1497 3667 1499 3672 ·

287 3794 329 3840 vr.
346 3779 463 3842 Nouis.
475 3811 556 3824 —-
567 3777 717 3842 Obierunt
730 3777 934 3860 conduma)
947 3781 1252 3864 ottrannulpnusm),
1268 3785 1520 3866 presbiteri—et
1532 3787 1663 3852 Umber-

248 3879 296 3936 tos
316 3873 478 3940 desereto
491 3876 611 3950 Bonito,
627 3877 790 3940 eanonicus
802 3875 857 3958 (5),
873 3877 927 3956 qui
937 3877 1021 3940 dedit
1031 3881 1141 3944 Sancto
1153 3881 1308 3962 Stephano
1325 3889 1393 3947 octo
1405 3884 1511 3960 libros,
1525 3886 1665 3949 videlicet

248 3971 362 4034 librum
381 3969 438 4032 iob
453 3975 483 4032 et
493 3961 606 4034 liethei
625 3971 782 4050 glossatos,
798 3973 994 4037 canticorum
1012 3976 1185 4040 Solomonis
1205 3979 1435 4058 expositionem,
1451 3981 1509 4046 trio
1523 3987 1665 4060 excerpto

249 4081 412 4140 canonum,
427 4065 577 4145 Epistolos
589 4067 687 4142 Penii,
701 4067 894 4132 Priscianum‘
908 4067 945 4132 de
957 4072 1193 4147 constructione,
1209 4073 1345 4136 Tullium
1357 4075 1395 4140 de
1408 4077 1553 4151 amititia,
1569 4077 1664 4140 alium

250 4165 287 4227 de
298 4168 461 4238 senectute,
474 4169 504 4225 et
515 4162 547 4225 in
557 4178 619 4226 uno
630 4179 738 4262 manso
758 4165 789 4226 in
804 4164 876 4228 ville
890 4165 991 4229 suncti
1007 4167 1176 4230 Marcellini
1195 4167 1239 4248 [6)
1254 4169 1509 4236 dominicaturam
1518 4180 1549 4238 et
1562 4182 1665 4239 custo

283 4441 317 4506 (l)
338 4439 436 4504 lingum
453 4441 540 4500 Arcen,
558 4438 685 4499 chevalier,
706 4439 778 4488 vivait
795 4453 825 4488 ea
844 4441 917 4492 tlet-
1031 4442 1065 4506 (l)
1082 4445 1116 4494 Ce
1132 4447 1249 4494 ebunoIne
1257 4447 1330 4497 viruit
1343 4463 1372 4498 en
1383 4455 1452 4501 llil.
1466 4455 1503 4518 (ν.
1519 4457 1667 4508 l'lnventeiee

255 4523 322 4569 tilii.
338 4519 416 4568 L’eete
427 4517 485 4567 dein
495 4518 588 4568 sessiou
596 4518 655 4581 qu’il
665 4517 693 4566 dt
702 4521 717 4566 i
725 4517 771 4568 Goi
779 4518 841 4566 catil
849 4528 918 4581 purte
1000 4527 1029 4572 de
1042 4526 1192 4590 (iuiebenou,
1211 4530 1292 4592 publii
1301 4545 1346 4594 per
1359 4533 1390 4581 Ι.
1401 4537 1478 4596 illut,
1491 4539 1512 4586 tt
1527 4537 1588 4603 lili).
1600 4541 1631 4589 be
1639 4543 1664 4590 P.

254 4600 335 4649 lodate
343 4599 376 4648 dn
386 4603 417 4649 to
427 4601 485 4650 sont
494 4599 564 4646 llil.
576 4595 613 4660 (t.
622 4597 695 4648 decb.
705 4597 738 4646 dn
749 4596 842 4660 ltbdne,
850 4600 916 4648 driu.
1000 4605 1186 4660 teuboureor.
1195 4610 1259 4670 quin
1270 4609 1350 4660 donne
1358 4627 1403 4662 nne
1412 4616 1489 4664 notice
1497 4619 1667 4683 genenoglque

254 4682 307 4742 lob,
316 4683 365 4732 rol.
375 4686 419 4744 μ’,
430 4681 499 4730 Pidee
509 4691 538 4730 ιθ
548 4680 583 4744 d.)
1000 4699 1043 4734 aar
1052 4685 1075 4735 ia
1086 4687 1173 4736 iamiile
1187 4691 1369 4756 obstrictosque
1378 4695 1407 4742 de
1422 4693 1564 4759 St-Bonnet,
1573 4701 1610 4748 a'e
1624 4714 1668 4762 pes

284 4760 317 4824 (i)
333 4761 470 4822 liunbelort,
482 4767 569 4808 eanton
581 4760 610 4808 de
619 4759 682 4810 boen
696 4759 793 4824 (boire).
1001 4778 1078 4814 eonon
1088 4767 1257 4817 eetiiumbert.
1269 4769 1306 4833 (V.
1318 4773 1432 4835 naiores,
1445 4779 1496 4838 ti,
1509 4791 1533 4840 p.
1544 4780 1610 4841 att.)

285 4841 317 4904 (l)
333 4841 449 4891 biennius
465 4839 531 4902 (Hes.
543 4840 708 4906 delumbem)
960 4838 962 4929 ἱ
1034 4843 1069 4906 (t)
1085 4845 1297 4912 silut-murcelle,
1321 4861 1406 4903 eouton
1427 4853 1455 4903 de
1481 4855 1668 4907 solut-dombert

960 4938 963 4976 l

286 4920 318 4982 p)
335 4919 450 4968 minuo·
462 4919 519 4983 (ro.)
1003 4922 1101 4986 (norm).
