4300 6054
562 895 728 944 onrrusrrn
749 896 788 942 ua
810 879 943 943 u'dcnrsa
965 895 1003 942 nn
1026 893 1309 944 suoru-turnum.
1603 881 1641 941 77

226 1023 325 1082 suam,
342 1015 374 1072 et
387 1011 524 1089 precepit
537 1009 620 1088 quod
635 1010 700 1088 ipse
715 1009 805 1072 iaciat
820 1025 917 1072 unum
941 1009 1185 1078 anniversarium
1207 1010 1336 1090 simplex
1360 1011 1391 1074 in
1412 1009 1578 1072 crastinum
1593 1009 1642 1072 die

226 1105 328 1170 obitus
343 1106 391 1168 sui
407 1113 469 1168 toto
484 1112 623 1186 tempore
635 1106 696 1168 vite
711 1120 781 1178 sue;
798 1113 867 1184 post
880 1107 1041 1170 decessum
1052 1123 1125 1170 vero
1139 1108 1237 1187 ipsius
1248 1108 1345 1170 voluit
1362 1115 1393 1170 et
1414 1107 1549 1186 precepit
1560 1105 1643 1184 quod

212 1202 354 1268 sacrista
366 1203 468 1266 Sancti
480 1203 644 1278 Iohannis,
660 1202 714 1282 qui
733 1218 790 1282 pro
802 1208 942 1282 tempore
954 1204 1055 1278 fuerit,
1070 1204 1184 1267 babeat
1197 1211 1227 1266 et
1241 1204 1397 1284 possideat
1414 1204 1643 1284 imperpetuum

227 1298 340 1364 dictam
353 1299 490 1376 domum,
503 1305 534 1363 et
545 1299 661 1362 dictum
675 1299 920 1362 anniversarium
934 1300 1023 1362 iaciat
1035 1301 1205 1363 annuatim.
1222 1303 1300 1364 item
1318 1299 1402 1362 dedit
1416 1300 1502 1380 operi
1516 1300 1642 1378 majoris

227 1396 355 1460 ecclesie
368 1395 510 1476 Lugduni
522 1395 850 1478 quinquagintalibras
861 1395 1086 1472 viennensium,
1102 1396 1212 1486 majori
1224 1397 1392 1460 elemosine
1403 1397 1502 1476 ipsius
1514 1395 1649 1458 ecclesie.
1707 1403 1710 1408 '
1760 1373 1763 1382 λ

229 1497 251 1556 L
276 1494 370 1558 libras
395 1495 629 1569 viennensium,
658 1493 771 1556 nrinori
797 1493 965 1556 elemosine
986 1495 1042 1556 XX
1066 1493 1181 1556 subdes
1201 1494 1415 1557 viennensium
1438 1509 1494 1574 pro
1513 1493 1643 1571 singulis

228 1589 408 1654 ebdomadis
427 1590 580 1670 usquead
598 1603 696 1652 unum
715 1579 833 1652 annum
854 1593 923 1667 post
938 1587 1057 1652 obitum
1069 1605 1160 1652 suum
1177 1589 1339 1653 solvendos
1357 1595 1387 1652 et
1405 1589 1570 1652 tradendos
1589 1607 1644 1668 por

228 1695 412 1767 erequtores
426 1703 499 1750 suos
513 1684 737 1750 elemosinariis
750 1684 903 1746 refectorii
922 1681 1002 1746 dicte
1017 1685 1145 1748 ecclesie
1163 1686 1294 1764 singulis
1313 1686 1502 1761 ebdomadis,
1520 1693 1555 1748 ut
1574 1687 1644 1749 iilos

229 1783 337 1862 viginti
364 1783 478 1846 solidos
501 1781 715 1846 viennensium
733 1780 806 1842 dicti
824 1779 1031 1845 elemosinarii
1049 1783 1237 1860 pauperibus
1261 1787 1388 1861 erogent
1406 1787 1435 1845 et
1461 1782 1645 1845 distribuant

229 1896 286 1960 pro
307 1880 443 1943 remedio
457 1881 559 1942 anime
581 1895 637 1940 sue
657 1875 700 1958 [et
713 1877 772 1938 hoc
787 1876 852 1952 jam
872 1877 1008 1940 solutum
1026 1883 1072 1938 est
1091 1876 1161 1958 (l)].
1184 1881 1261 1940 Item
1279 1880 1365 1958 operi
1387 1879 1515 1941 ecclesie
1534 1882 1644 1942 Sancte

230 1977 336 2040 Crucis
354 1977 569 2056 Lugdunensis
595 1977 623 2038 X
644 1975 739 2038 libras
758 1974 973 2036 viennensium
991 1972 1083 2036 dedit.
1103 1977 1181 2036 Item
1199 1974 1327 2038 ecclesie
1346 1977 1447 2039 Sancti
1468 1977 1586 2040 Thome
1606 1978 1645 2038 de

231 2075 375 2136 Forverio
402 2077 430 2138 X
457 2071 553 2136 libras
580 2070 795 2134 viennensium
820 2069 978 2148 ponendas
1003 2070 1035 2132 in
1067 2079 1326 2149 conqueremento
1362 2089 1417 2152 pro
1437 2075 1646 2137 anniversario

232 2186 288 2232 suo
312 2169 471 2232 annuatim
502 2168 618 2233 ibidem
645 2166 794 2230 iaciendo.
825 2169 918 2240 Item,
949 2167 1116 2246 pacificatis
1143 2166 1330 2232 elamoribus
1363 2171 1446 2244 suis,
1477 2171 1595 2250 legatis·
1616 2179 1647 2232 et

231 2265 410 2330 elemosinis
425 2261 600 2344 persolutis,
616 2263 774 2326 residuum
791 2261 872 2340 quod
888 2261 927 2322 de
942 2279 997 2324 suo
1020 2265 1207 2342 superfuerit
1234 2265 1317 2328 dedit
1332 2271 1363 2328 et
1376 2265 1502 2346 reliquit
1515 2269 1547 2330 in
1563 2269 1646 2330 bunc

231 2361 368 2436 modum,
397 2360 538 2424 videlicet
562 2362 683 2422 tertiam
706 2367 822 2439 partem
839 2359 909 2421 dicti
927 2358 1042 2422 residui
1061 2359 1100 2421 ad
1121 2367 1227 2440 neptes
1247 2379 1319 2424 suas
1335 2363 1533 2436 maritandas,
1554 2363 1647 2427 aliam

231 2459 353 2522 tertiam
367 2465 485 2538 partem
499 2456 645 2520 iratribus
654 2456 826 2518 minoribus
836 2455 1064 2534 Lugdunensis;
1078 2455 1204 2536 reliquit
1215 2475 1287 2521 vero
1302 2461 1419 2522 tertiam
1429 2467 1547 2540 partem
1561 2463 1646 2542 operi

232 2553 358 2632 majoris
378 2552 507 2616 ecclesie
528 2552 754 2630 Lugdunensis.
776 2553 927 2615 Omnibus
950 2553 1128 2631 presbiteris
1147 2561 1177 2616 et
1195 2553 1324 2629 clericis,
1343 2558 1395 2634 qui
1417 2555 1574 2636 sepulture
1592 2575 1647 2619 sue

236 2647 447 2724 interfuerunt,
469 2647 592 2726 singula
612 2649 694 2712 dona
716 2649 833 2712 tribuit.
853 2647 990 2726 Singulis
1008 2666 1080 2712 vero
1099 2653 1254 2714 canonicis
1270 2651 1438 2731 capellanis
1457 2657 1513 2717 XX
1532 2653 1647 2716 solidos

233 2747 446 2810 viennensium
457 2743 591 2825 reliquit,
606 2752 636 2806 et
646 2743 778 2822 singulis
788 2742 956 2823 capellanis
967 2745 1005 2806 de
1014 2745 1290 2810 duodecimdecem
1301 2748 1424 2814 solidos.
1435 2750 1647 2815 Voluitautem

235 2850 265 2908 et
278 2843 416 2924 precepit
430 2843 513 2922 quod
527 2841 705 2922 capellanus
724 2843 826 2906 Sancti
847 2843 978 2906 Romani
995 2843 1027 2905 in
1045 2845 1170 2922 prelatis
1191 2848 1408 2910 anniversariis
1431 2846 1554 2928 plenam
1576 2867 1649 2928 per-

234 2941 327 3021 cipiat
339 2939 598 3004 distributionem.
617 2943 693 3002 item
707 2937 833 3018 reliquit
845 2945 969 3002 centum
983 2937 1078 3002 libras
1092 2941 1308 3006 marnensium
1323 2961 1378 3023 pro
1392 2947 1531 3008 eruendis
1545 2947 1649 3008 reddi-

235 3039 317 3102 tibus
330 3045 362 3102 at
374 3037 472 3102 voluit
483 3038 566 3118 quod
579 3037 726 3116 magister
742 3033 881 3108 ecclesie,
898 3037 951 3114 qui
974 3053 1030 3115 pro
1049 3043 1187 3116 tempore
1209 3040 1310 3113 luerit,
1331 3041 1494 3105 distribuat
1514 3061 1567 3106 eos
1586 3043 1650 3106 cle-

236 3137 307 3199 ricis
327 3135 521 3199 venientibus
541 3135 579 3198 ad
610 3135 702 3196 boras
726 3133 758 3194 in
772 3133 878 3209 majori
894 3130 1024 3196 ecclesia
1050 3133 1255 3210 canonicales,
1284 3138 1454 3202 secundum
1479 3141 1560 3219 rptrod
1590 3143 1648 3204 sibi

235 3231 388 3295 videbitur
401 3231 557 3311 expedire.
574 3233 807 3310 incorporatum
821 3235 867 3292 est
883 3235 985 3292 numm
1007 3229 1179 3308 predictum
1196 3233 1443 3298 anniversarium
1457 3235 1601 3314 generale
1617 3239 1648 3300 iu

236 3328 410 3392 obedientia
424 3329 526 3392 Sancti
541 3327 689 3392 bernardi
704 3326 743 3389 de
762 3327 855 3400 Ausa,
874 3327 906 3389 in
926 3325 1015 3404 cujns
1031 3326 1238 3406 adquisitione
1258 3327 1297 3409 lb]
1316 3332 1441 3392 fuerunt
1462 3335 1559 3411 posite
1579 3351 1651 3411 pre-

238 3423 317 3486 dicte
335 3430 469 3488 trecente
485 3409 579 3487 libre.
608 3426 688 3487 Item
715 3423 840 3484 luerunt
860 3421 959 3500 posite
978 3422 1010 3484 in
1029 3421 1232 3500 acquisitione
1251 3424 1380 3502 predicti
1398 3429 1490 3490 castri
1516 3429 1651 3508 predicte

239 3525 362 3582 centum
381 3517 469 3593 libre,
493 3536 571 3598 quas
591 3517 760 3598 reliquerat
785 3515 904 3580 clericis
922 3517 1116 3582 venientibus
1133 3518 1171 3580 ad
1185 3519 1287 3595 horas,
1303 3518 1354 3584 tali
1368 3523 1542 3587 conditione
1561 3533 1595 3586 nt
1613 3543 1652 3588 ex

239 3617 438 3696 proventibus
461 3616 540 3678 dicte
565 3615 739 3678 obedientie
762 3621 886 3676 centum
914 3611 1004 3676 solidi
1029 3613 1255 3689 viennensium,
1278 3615 1417 3694 quolibet
1434 3637 1527 3696 anno,
1548 3625 1581 3686 in
1602 3625 1652 3686 die

238 3711 441 3775 anniversarii
455 3711 594 3791 predicti,
609 3711 756 3789 magistro
775 3708 914 3783 ecclesie,
937 3711 991 3788 qui
1011 3727 1066 3788 pro
1089 3717 1226 3789 tempore
1244 3713 1347 3787 tuerit,
1367 3715 1580 3794 redderentur,
1599 3721 1652 3797 qni

240 3807 437 3872 distribueret
445 3823 499 3870 eos
513 3804 644 3880 clericis,
661 3811 753 3885 prout
767 3805 910 3886 superius
930 3811 978 3866 est
991 3821 1182 3883 expressum.
1207 3840 1248 3852 -
1266 3809 1302 3870 ut
1321 3811 1496 3889 Stephanus
1516 3813 1554 3876 de
1572 3819 1654 3877 llar-

241 3921 307 3977 zeu,
323 3905 489 3968 canonicus
502 3909 533 3965 et
551 3900 706 3982 levitali).
732 3933 772 3948 -·
788 3904 866 3964 item
880 3902 938 3964 luit
951 3901 1127 3963 ordinatum
1139 3903 1170 3964 in
1186 3903 1319 3982 capitulo
1338 3908 1419 3983 quod
1442 3909 1654 3973 obedientiarii

240 4001 277 4064 de
291 4001 401 4063 Tacina
414 3998 534 4062 solvant
547 3995 687 4078 quolibet
700 4013 781 4060 anno
796 3999 827 4059 in
843 4003 1027 4078 perpetuum
1039 3997 1071 4058 in
1087 3998 1246 4061 refectorio
1262 4007 1379 4079 septem
1395 4001 1488 4067 libras
1507 4009 1655 4070 viennen-

240 4113 289 4158 ses
304 4096 337 4158 in
352 4095 539 4173 adjutorium
553 4093 755 4156 anniversarii
769 4093 942 4155 communis
961 4091 1128 4172 supradicti
1144 4093 1224 4156 Petri
1244 4095 1381 4171 Berardi,
1395 4105 1425 4160 et
1440 4116 1495 4178 pro
1511 4105 1655 4181 predictis

229 4197 360 4270 -septem
374 4187 462 4254 libris
477 4191 538 4253 sint
549 4191 704 4253 immunes
719 4187 848 4269 predicti
861 4187 1074 4250 obedientiarii
1089 4188 1126 4250 de
1147 4190 1254 4250 Tacins
1273 4207 1291 4251 a
1310 4182 1496 4272 prestatione
1516 4201 1656 4264 omnium

242 4285 370 4350 illorum
383 4287 436 4365 qni
451 4291 676 4348 consueverunt
690 4281 809 4346 solvere
822 4283 1035 4346 committatui.

275 4511 309 4576 (l)
326 4515 359 4562 Ge
370 4517 411 4577 qui
423 4523 458 4562 est
474 4516 540 4578 placi
556 4526 623 4565 entre
634 4519 742 4565 crocbets
754 4533 783 4564 ne
792 4531 816 4564 se
827 4525 911 4582 trouve
949 4521 952 4584 l
992 4515 1068 4562 iturae
1079 4525 1102 4564 et
1112 4517 1178 4564 oncle
1190 4519 1219 4566 de
1234 4519 1306 4570 Leuis
1322 4522 1351 4569 de
1365 4525 1510 4586 blsrobamp‚
1529 4531 1585 4577 oluit
1602 4533 1658 4576 eba-

242 4603 289 4650 que
300 4591 389 4640 dmi„
399 4595 506 4655 copied,
517 4597 538 4644 ι.
551 4595 717 4658 Biblioghpqup
728 4597 756 4644 de
766 4595 840 4657 Lyon,
992 4592 1063 4638 noire
1079 4605 1108 4638 en
1127 4596 1186 4640 1259
1210 4593 1290 4654 (rivuli.
1312 4599 1344 4646 du
1364 4599 1455 4662 bione,
1476 4604 1546 4664 Agar.
1568 4608 1615 4654 vol.
1634 4612 1656 4665 2,

276 4669 309 4733 (Ξ)
334 4671 366 4720 μ
381 4674 480 4722 „pagan
500 4675 529 4722 dg
548 4676 696 4724 smmum
715 4675 750 4724 quq
769 4676 851 4737 nequis
868 4689 912 4736 par
993 4674 1054 4716 n⁰¹tt
1072 4678 1096 4717 et
1108 4671 1141 4733 9).
1160 4672 1178 4720 lt
1193 4680 1252 4722 testa
1268 4691 1296 4724 en
1310 4679 1391 4738 inillet
1404 4685 1472 4740 ¹272,
1488 4694 1585 4733 mourut
1599 4687 1658 4732 leiti

243 4751 330 4812 legitis
345 4753 374 4799 de
390 4753 465 4814 Lyon‚
479 4756 508 4804 ds
522 4756 643 4804 Guiebsrd
656 4757 681 4818 V,
694 4757 742 4806 sire
758 4757 787 4804 ds
798 4755 911 4815 Bursian,
992 4753 1023 4799 du
1035 4754 1111 4799 meme
1122 4754 1183 4802 mois
1194 4755 1223 4802 de
1242 4757 1333 4806 l'snnee
1349 4761 1456 4810 salvante
1474 4773 1498 4810 et
1512 4767 1547 4814 lut
1562 4768 1658 4816 inbume‘

244 4842 272 4874 ru
291 4829 346 4890 prix
358 4832 386 4877 do
403 4836 474 4892 qood
485 4836 565 4896 liures,
584 4851 613 4883 en
626 4835 672 4884 mni
685 4838 755 4884 titt.
771 4833 808 4896 (V.
821 4835 912 4881 biblio·
993 4833 1051 4881 alans
1065 4835 1086 4882 le
1099 4837 1196 4896 prieurd
1210 4839 1239 4888 de
1250 4840 1324 4900 sites,
1337 4844 1368 4890 od
1384 4843 1400 4890 il
1417 4846 1479 4892 avait
1491 4847 1530 4894 tio
1541 4861 1567 4895 su
1579 4853 1653 4912 repul-

245 4907 311 4954 tbeen
331 4909 483 4971 banthensis,
502 4929 526 4974 p.
551 4919 612 4974 toa,
632 4923 656 4962 et
675 4915 746 4963 tinch.
769 4914 799 4960 du
820 4913 911 4970 illudne,
994 4917 1168 4976 turesuripud
1184 4920 1316 4978 prioratum
1330 4925 1546 4984 destinassetis
1560 4931 1658 4977 Cluuia-

246 4985 335 5046 iinocb,
347 4989 395 5036 vol.
410 4995 448 5050 ab,
461 5003 489 5038 n⁰
500 4995 554 5056 ter.)
993 4993 1079 5053 censis,
1092 4993 1316 5058 eligosepulturatn.
1330 5021 1343 5046 s
1355 5003 1435 5064 (ibid,
1449 5006 1534 5066 11020.)

277 5065 310 5127 (a)
328 5067 371 5114 Cet
381 5069 480 5118 Etienna
492 5073 520 5119 de
532 5073 617 5134 biorzd,
629 5077 690 5122 frere
703 5075 730 5120 de
743 5073 875 5122 Guillaume
885 5073 912 5118 de
