4300 6054
557 875 721 924 ourrumuu
745 877 783 923 nr
805 859 939 922 u’iuursu
961 875 999 924 on
1020 873 1302 924 prou-sunum.
1605 859 1642 920 83

230 995 446 1074 competebant
467 991 513 1056 vel
533 999 706 1072 competere
728 999 867 1074 poterant
889 1009 1014 1074 quoquo
1040 993 1132 1056 modo
1161 992 1278 1056 ratione
1303 994 1551 1072 conquerementi
1575 995 1644 1057 iacti

232 1091 439 1170 interipsum
466 1095 496 1151 et
522 1088 661 1152 douuum
682 1092 808 1152 Petrum
837 1086 1013 1170 Alavaysin,
1040 1089 1257 1170 presbiterum,
1284 1105 1303 1150 a
1325 1092 1415 1152 Petro
1437 1090 1475 1152 de
1502 1089 1643 1164 Fluvios,

232 1186 406 1264 domtoeito,
436 1189 474 1250 de
499 1185 602 1250 ourtiii
618 1186 657 1250 de
673 1187 964 1267 Luyseruontjuxto
978 1192 1124 1253 Sanctum
1138 1187 1390 1266 simpronianum
1407 1189 1502 1252 castri
1529 1187 1586 1270 (t);
1607 1189 1645 1250 de

234 1287 347 1366 ouibus
368 1291 492 1348 centum
515 1282 601 1347 libris
624 1291 655 1347 et
671 1285 815 1364 predictis
835 1283 943 1366 legatis
966 1287 1052 1350 iactis
1073 1305 1091 1349 o
1110 1286 1190 1349 dioto
1211 1285 1385 1350 Guiohardo
1408 1292 1442 1348 ut
1465 1303 1568 1365 supro,
1590 1287 1646 1347 tuit

234 1385 385 1464 acquisita
412 1388 497 1446 sexta
521 1397 593 1462 pars
616 1379 735 1444 decime
765 1381 803 1444 de
824 1380 993 1445 clementio
1016 1382 1068 1465 (2),
1092 1399 1148 1464 pro
1167 1383 1376 1449 anniversario
1404 1397 1459 1444 suo
1481 1389 1511 1442 et
1530 1381 1645 1444 domini

233 1480 390 1556 chotardi,
402 1479 561 1559 quondam
575 1478 682 1541 decani
693 1477 908 1556 Lugdunensis
923 1478 976 1559 (3),
992 1485 1023 1542 et
1037 1479 1154 1544 domini
1174 1483 1254 1546 Petri
1271 1482 1309 1545 de
1322 1481 1468 1558 Augusta,
1491 1480 1645 1558 quondam

235 1576 443 1641 archidianoni
480 1581 511 1637 ot
540 1573 628 1637 eiecti
662 1573 877 1652 Lugdunensis
898 1574 958 1656 (t),
989 1575 1022 1638 in
1045 1576 1127 1640 dioto
1157 1576 1284 1641 ecclesio
1310 1575 1468 1639 aunuatim
1495 1575 1644 1650 iaciendo,

235 1676 268 1737 in
279 1690 340 1753 quo
351 1669 529 1752 capellanus
541 1671 644 1734 Sancti
659 1671 791 1734 Romani
801 1687 888 1734 suam
900 1671 1011 1736 habeat
1020 1672 1276 1738 distributionem.

266 1883 301 1947 (t)
318 1887 651 1953 st-sympuorteo-tecuttet
664 1893 904 1944 nrroudissementde
1016 1897 1049 1960 (t)
1067 1899 1095 1946 V.
1115 1899 1231 1959 oi-uprie,
1248 1911 1304 1945 sous
1324 1897 1345 1944 iu
1366 1898 1419 1946 doto
1435 1898 1464 1945 de
1486 1899 1509 1946 lu
1522 1899 1590 1946 veiito
1606 1899 1647 1946 des

235 1965 310 2026 Lpon.
983 1976 1063 2024 Neues
1071 1977 1099 2024 de
1110 1977 1254 2038 septembre.

267 2049 302 2112 (2)
319 2051 462 2113 eleimonem,
482 2055 597 2104 udoiunue
622 2056 729 2118 puroim
751 2058 903 2118 aujourd'irui
1016 2054 1050 2118 (t)
1070 2055 1098 2104 V.
1116 2056 1231 2116 etupres,
1246 2068 1303 2103 sous
1319 2056 1341 2104 tu
1357 2055 1410 2104 dats
1419 2055 1451 2104 du
1463 2070 1513 2104 xuu
1527 2062 1597 2106 urunt
1613 2055 1646 2104 ies

237 2129 323 2178 reunie
334 2135 348 2178 ι
358 2133 380 2179 to
395 2145 521 2182 commune
538 2135 567 2182 de
580 2135 765 2198 i'dbergemeun
778 2145 864 2186 tanton
875 2137 905 2186 de
984 2133 1098 2182 Culendes
1109 2133 1137 2181 de
1149 2134 1282 2184 decembre·

237 2210 576 2262 conditori-sordidemus
588 2212 661 2276 (Ain).
