4314 6058
769 804 875 868 rudere
899 785 1153 868 rusurrrcsrrvn's.

949 1085 974 1143 4

252 1259 385 1324 cessioc
402 1256 695 1345 perdentesque
717 1259 889 1341 duetore,
913 1263 934 1329 d
956 1263 1073 1350 teptis
1091 1263 1291 1342 satas-naut,
1314 1263 1407 1332 d'uae
1423 1266 1509 1348 piiss
1532 1267 1569 1333 de
1588 1275 1669 1332 terre

696 1377 784 1442 porto·
806 1361 966 1446 eumer
979 1381 1039 1430 eoo
1057 1362 1223 1429 emeritos.

728 1489 731 1494 ’
916 1498 1004 1562 rtis.

289 1630 404 1692 Notum
417 1627 530 1692 sitiam
544 1627 656 1692 tuturis
669 1643 763 1710 qnam
777 1629 970 1710 presentibus
984 1630 1067 1710 qnod
1079 1647 1137 1712 ego
1153 1631 1359 1708 Guiehardus,
1373 1633 1428 1696 Dei
1439 1633 1537 1712 gratia
1550 1632 1669 1714 Lugdu-

248 1725 355 1788 nensis
374 1724 636 1806 archiepiscopus,
658 1725 825 1808 apostoiiee
847 1725 929 1790 sedis
949 1725 1082 1806 legatus,
1108 1733 1137 1791 et
1156 1725 1341 1793 venerabilis
1362 1735 1530 1794 conventus
1546 1735 1666 1807 noster,

247 1814 466 1902 compatientes
476 1817 604 1886 ecclesie
614 1821 717 1886 Sancti
727 1819 894 1902 Paulique
906 1821 1023 1886 latioris
1031 1823 1134 1904 specio
1143 1823 1308 1888 eimitherii
1320 1821 1490 1906 plurimum
1498 1823 1664 1905 indigebat,

247 1919 455 1984 concessimus
464 1919 492 1983 ei
500 1924 618 2000 partem
632 1917 731 2000 platee
742 1919 892 1984 comitalis
905 1924 987 1984 terre
997 1919 1085 1998 juxta
1096 1919 1304 1983 cimitherium
1314 1927 1416 1996 suuni,
1426 1923 1517 1986 certis
1525 1921 1667 1988 terminis

247 2017 322 2080 irinc
333 2015 810 2097 indeassignatis,interveniente
820 2017 1116 2098 permutationetmn
1127 2019 1206 2080 terre
1213 2029 1307 2096 quam
1317 2018 1457 2096 pecunie,
1466 2023 1502 2081 nt
1513 2017 1568 2094 ibi,
1578 2017 1667 2096 juxte

247 2119 352 2178 sancte
366 2111 496 2178 ecclesie
509 2111 938 2190 ritus,m0rtuorumsuorum
950 2125 1080 2194 corpora
1093 2111 1229 2190 legitime
1242 2115 1367 2192 possent
1380 2113 1666 2194 sepulturoeomers
1695 2113 1699 2124 ’

248 2211 332 2276 dare.
356 2209 427 2276 Fuit
448 2211 552 2276 autem
566 2225 688 2274 summa
702 2208 832 2290 pecunie
845 2207 952 2288 viginti
964 2213 995 2272 et
1010 2212 1079 2272 octo
1096 2205 1248 2272 librarum
1261 2205 1476 2286 Lugdunensis
1489 2216 1613 2276 monete
1626 2211 1666 2276 acl

246 2306 443 2372 medietatem
461 2305 590 2388 argenti,
609 2311 639 2368 et
652 2305 773 2368 vineam
787 2321 848 2384 quo
866 2311 911 2368 est
929 2305 1018 2384 juxta
1039 2301 1228 2380 Forrerlum,
1252 2319 1346 2384 quam
1363 2310 1446 2368 tenet
1470 2307 1664 2374 Gnichardus

246 2403 373 2468 Pelleta.
384 2405 431 2480 iit,
445 2409 480 2468 ut
492 2403 552 2468 hoc
566 2402 604 2466 de
613 2405 713 2466 cetero
726 2401 852 2464 firmum
865 2407 1012 2476 maneret,
1028 2397 1202 2480 sigillorum
1216 2403 1392 2464 nostrornm
1405 2401 1578 2466 munimine
1590 2404 1666 2468 leci-

245 2518 316 2566 mus
338 2499 525 2566 coniirmari.
546 2498 656 2562 Actum
669 2503 714 2562 est
728 2497 787 2562 hoc
800 2505 882 2560 enno
900 2497 939 2562 ab
953 2495 1162 2561 incarnatione
1177 2496 1301 2560 Domini
1318 2493 1484 2561 millesimo
1499 2499 1664 2564 centesimo

247 2597 471 2678 septuagesimo
485 2600 582 2669 sexto,
595 2593 720 2658 domino
734 2590 907 2661 Alexandro
919 2607 1000 2672 papa
1010 2593 1057 2656 111
1069 2591 1178 2654 sancte
1188 2591 1327 2654 Romane
1338 2591 1466 2656 ecclesie
1475 2595 1661 2674 presidente,

248 2695 448 2774 regnantibus
462 2691 633 2768 Frederico,
649 2693 860 2754 Romanorum
872 2688 1065 2769 imperatore,
1078 2693 1109 2752 et
1124 2685 1284 2764 Ludorico,
1296 2701 1369 2766 rege
1382 2689 1579 2754 Francorum.
1595 2695 1664 2756 'les

248 2798 292 2854 tes
314 2791 440 2855 luerunt
452 2788 617 2865 Berardus,
633 2787 777 2862 decanus,
795 2787 913 2860 Petrus,
934 2790 1106 2866 precentor,
1131 2781 1293 2859 oliverius,
1313 2783 1429 2846 sinistri
1445 2783 1532 2850 chori
1545 2793 1662 2865 cantor,

248 2887 436 2962 dalmacius,
451 2883 641 2950 senescalcus
653 2889 758 2950 noster
771 2887 801 2946 et
814 2880 916 2946 Sancti
926 2881 1013 2946 Pauli
1023 2881 1220 2956 camerarius,
1234 2881 1312 2959 Ugo,
1324 2877 1460 2957 sacrista,
1471 2883 1663 2950 Jocersnnus

247 2984 285 3048 de
296 2984 435 3058 Piseioio,
454 2977 655 3064 Golpherius,
671 2977 804 3046 Ponoius
821 2978 859 3042 de
871 2976 1115 3052 Rochabaronis,
1129 2977 1197 3056 Ugo
1218 2974 1257 3038 de
1279 2971 1419 3050 Sechins,
1441 2977 1547 3054 nmio,
1563 2979 1663 3062 Gulgo

246 3081 354 3154 ireos,
382 3077 567 3144 Guilielmns
584 3077 695 3151 Rulus,
718 3074 864 3154 magister
883 3075 1004 3150 Petrus,
1029 3071 1216 3147 Bernardns,
1248 3070 1376 3135 sacrista
1398 3073 1501 3138 Sancti
1522 3075 1610 3143 Pauli
1633 3085 1663 3142 et

244 3177 482 3258 archipresbiter
491 3181 604 3250 noster,
627 3173 782 3238 liebertus
793 3169 972 3246 Guichardi,
984 3169 1135 3246 Asterius,
1151 3157 1317 3234 Umbertu'rs
1327 3167 1366 3231 de
1381 3167 1527 3250 Chenins,
1543 3175 1662 3256 megis-

245 3281 290 3337 ter
302 3275 373 3352 ligo
381 3273 419 3338 de
431 3275 587 3347 isernoro,
605 3269 798 3336 Guiehardus
811 3268 850 3331 de
864 3269 974 3358 Sancto
986 3265 1118 3330 Nioecio.

643 3371 815 3462 (crepion.
831 3407 873 3424 -·
889 3367 1036 3440 Aredioes
1050 3369 1094 3437 dec
1105 3365 1223 3446 nine,
1244 3371 1341 3436 Titres
1354 3371 1392 3437 dc
1406 3371 1620 3456 Sciret-Paul.)

245 3836 374 3952 cesos
389 3875 454 3970 par
474 3882 640 3962 Rollcode,
665 3883 790 3951 attere
813 3885 850 3952 de
870 3885 1095 3962 ScitttPierre,
1115 3883 1136 3950 d
1156 3883 1270 3960 Astier,
1294 3879 1469 3948 saeristco'o
1488 3877 1526 3944 cle
1547 3873 1657 3942 Saint-

232 3988 236 3995 '
332 3986 425 4062 Posi,
446 3985 540 4054 d'coe
552 3984 637 4070 pileo
652 3985 689 4052 de
701 3985 795 4070 cipes
808 3985 906 4052 sicud
920 3985 1002 4052 doce
1017 3985 1045 4052 le
1058 3983 1218 4053 tmrimire
1231 3984 1269 4051 de
1283 3979 1418 4058 Sueto,
1436 3979 1566 4064 digno.

858 4147 934 4211 Vers
948 4145 1037 4212 rtet.

236 4323 240 4330 ·
281 4303 433 4380 Quoniam
444 4303 523 4376 lactc
538 4303 677 4384 priorum
688 4319 817 4386 sequens
832 4303 978 4370 oblivioni
992 4301 1084 4367 uadit
1098 4301 1269 4384 posteritas,
1281 4299 1351 4364 stilo
1365 4295 1515 4362 memorie
1527 4305 1654 4358 comen·

242 4399 314 4464 dare
326 4398 467 4463 volumus
480 4397 563 4482 qnod
576 4413 632 4480 ego
646 4399 786 4475 Bollane,
805 4401 907 4465 Sancti
927 4399 1010 4466 Petri
1027 4397 1240 4478 Lugdunensis
1260 4393 1424 4472 anusdssa,
1442 4391 1512 4458 dedi
1532 4396 1563 4456 et
1579 4404 1655 4454 cen-
1732 4443 1737 4452 ,
1781 4464 1786 4472 ,

240 4497 316 4562 cessi
332 4497 484 4571 Hasterio,
499 4497 624 4562 sacriste
637 4497 740 4562 suncti
754 4495 842 4562 Pauli
855 4503 887 4561 et
899 4497 1045 4562 canonico
1059 4501 1174 4573 nostro,
1190 4509 1285 4578 quern
1299 4489 1481 4574 inpropriis
1496 4486 1613 4552 actibm
1625 4489 1655 4550 et

240 4593 272 4657 in
283 4591 402 4658 actibus
412 4593 539 4659 ecclesie
547 4593 635 4658 nohis
644 4591 752 4658 utilem
765 4594 830 4657 iore
840 4593 1049 4674 cognorimus,
1066 4599 1211 4674 quartum
1219 4593 1317 4668 vinee,
1329 4605 1391 4672 que
1403 4587 1493 4654 estin
1502 4581 1655 4650 territorio

240 4688 278 4752 de
292 4691 424 4766 Sereins,
440 4705 534 4771 qnam
547 4691 615 4770 ipse
629 4691 703 4754 emit
712 4691 752 4753 de
766 4689 923 4754 Armenno
937 4707 993 4772 pro
1013 4689 1174 4755 duodecim
1193 4685 1326 4753 denariis
1344 4683 1504 4748 annuatim
1520 4677 1654 4746 redden-

241 4783 298 4848 dis.
330 4786 378 4860 Et,
394 4791 441 4848 ut
467 4785 526 4850 hoo
551 4787 678 4852 firmum
710 4787 870 4863 habeatnr,
894 4793 1068 4868 presentem
1092 4793 1208 4852 ceram
1232 4781 1329 4866 sigilli
1358 4779 1457 4846 nostri
1483 4774 1654 4841 munimine
1772 4793 1779 4804 ·

240 4879 463 4949 roboravimus.

635 4961 805 5052 (original.
820 4998 861 5018 -
873 4959 1020 5035 sectivo
1037 4961 1081 5032 riu
1093 4961 1210 5038 Ridete
1230 4958 1329 5026 Titres
1344 4956 1381 5023 de
1393 4945 1610 5027 Sciat-Paule)

685 5104 687 5108 ·
1354 5067 1393 5130 23
