<?xml version="1.0" encoding="UTF-8"?>
<!DOCTYPE html PUBLIC "-//W3C//DTD XHTML 1.0 Transitional//EN"
    "http://www.w3.org/TR/xhtml1/DTD/xhtml1-transitional.dtd">
<html xmlns="http://www.w3.org/1999/xhtml" xml:lang="en" lang="en">
 <head>
  <title>
</title>
<meta http-equiv="Content-Type" content="text/html;charset=utf-8" />
  <meta name='ocr-system' content='tesseract 3.04.00' />
  <meta name='ocr-capabilities' content='ocr_page ocr_carea ocr_par ocr_line ocrx_word'/>
</head>
<body>
  <div class='ocr_page' id='page_1' title='image "./obituariumlugdu00guiggoog_0213.png"; bbox 0 0 4314 6058; ppageno 0'>
   <div class='ocr_carea' id='block_1_1' title="bbox 536 862 1623 930">
    <p class='ocr_par' dir='ltr' id='par_1_1' title="bbox 536 862 1623 930">
     <span class='ocr_line' id='line_1_1' title="bbox 536 862 1623 930; baseline -0.001 -3"><span class='ocrx_word' id='word_1_1' title='bbox 536 867 591 928; x_wconf 78' lang='lat' dir='ltr'><strong>lod</strong></span> <span class='ocrx_word' id='word_1_2' title='bbox 836 882 1002 930; x_wconf 79' lang='lat' dir='ltr'><strong>onrrunran</strong></span> <span class='ocrx_word' id='word_1_3' title='bbox 1024 883 1062 930; x_wconf 87' lang='lat' dir='ltr'><strong>nn</strong></span> <span class='ocrx_word' id='word_1_4' title='bbox 1083 865 1218 930; x_wconf 80' lang='lat' dir='ltr'><strong>u&#39;r&#39;eoursn</strong></span> <span class='ocrx_word' id='word_1_5' title='bbox 1239 881 1278 929; x_wconf 84' lang='lat' dir='ltr'><strong>nn</strong></span> <span class='ocrx_word' id='word_1_6' title='bbox 1300 879 1388 928; x_wconf 79' lang='lat' dir='ltr'><strong>aron.</strong></span> <span class='ocrx_word' id='word_1_7' title='bbox 1401 862 1623 928; x_wconf 75' lang='lat' dir='ltr'><strong>-niceaunna</strong></span> 
     </span>
    </p>
   </div>
   <div class='ocr_carea' id='block_1_2' title="bbox 446 984 1947 2046">
    <p class='ocr_par' dir='ltr' id='par_1_2' title="bbox 446 984 1947 2046">
     <span class='ocr_line' id='line_1_2' title="bbox 446 984 1947 1080; baseline 0.005 -26"><span class='ocrx_word' id='word_1_8' title='bbox 446 1042 452 1054; x_wconf 94' lang='lat'><strong>.</strong></span> <span class='ocrx_word' id='word_1_9' title='bbox 533 998 668 1062; x_wconf 82' lang='lat' dir='ltr'>valencia</span> <span class='ocrx_word' id='word_1_10' title='bbox 678 997 764 1062; x_wconf 91' lang='lat' dir='ltr'><strong>mille</strong></span> <span class='ocrx_word' id='word_1_11' title='bbox 772 998 896 1074; x_wconf 92' lang='lat' dir='ltr'><strong>solidos,</strong></span> <span class='ocrx_word' id='word_1_12' title='bbox 910 1007 941 1062; x_wconf 88' lang='lat' dir='ltr'><strong>et</strong></span> <span class='ocrx_word' id='word_1_13' title='bbox 953 1001 1226 1080; x_wconf 88' lang='lat' dir='ltr'><strong>sanctoStepbanc</strong></span> <span class='ocrx_word' id='word_1_14' title='bbox 1239 984 1337 1062; x_wconf 89' lang='lat' dir='ltr'><strong>unum</strong></span> <span class='ocrx_word' id='word_1_15' title='bbox 1351 997 1508 1078; x_wconf 88' lang='lat' dir='ltr'><strong>anaphum</strong></span> <span class='ocrx_word' id='word_1_16' title='bbox 1518 1005 1698 1078; x_wconf 81' lang='lat' dir='ltr'><strong>argenteum</strong></span> <span class='ocrx_word' id='word_1_17' title='bbox 1711 997 1864 1064; x_wconf 87' lang='lat' dir='ltr'><strong>valentem</strong></span> <span class='ocrx_word' id='word_1_18' title='bbox 1874 1015 1947 1062; x_wconf 87' lang='lat' dir='ltr'><strong>cea-</strong></span> 
     </span>
     <span class='ocr_line' id='line_1_3' title="bbox 532 1094 1943 1178; baseline 0 -20"><span class='ocrx_word' id='word_1_19' title='bbox 532 1101 598 1158; x_wconf 91' lang='lat' dir='ltr'><strong>tum</strong></span> <span class='ocrx_word' id='word_1_20' title='bbox 612 1097 766 1174; x_wconf 78' lang='lat' dir='ltr'><strong>sexaginta</strong></span> <span class='ocrx_word' id='word_1_21' title='bbox 779 1094 955 1158; x_wconf 83' lang='lat' dir='ltr'><strong>solidos-</strong></span> <span class='ocrx_word' id='word_1_22' title='bbox 967 1098 1065 1176; x_wconf 82' lang='lat' dir='ltr'><strong>Guigo</strong></span> <span class='ocrx_word' id='word_1_23' title='bbox 1079 1095 1129 1178; x_wconf 90' lang='grc'><strong>(1),</strong></span> <span class='ocrx_word' id='word_1_24' title='bbox 1146 1095 1286 1162; x_wconf 80' lang='lat' dir='ltr'><strong>sacerdos</strong></span> <span class='ocrx_word' id='word_1_25' title='bbox 1306 1101 1336 1158; x_wconf 92' lang='lat' dir='ltr'><strong>et</strong></span> <span class='ocrx_word' id='word_1_26' title='bbox 1358 1095 1532 1170; x_wconf 89' lang='lat' dir='ltr'><strong>canonicus,</strong></span> <span class='ocrx_word' id='word_1_27' title='bbox 1559 1096 1613 1176; x_wconf 88' lang='lat' dir='ltr'><strong>qui</strong></span> <span class='ocrx_word' id='word_1_28' title='bbox 1637 1095 1720 1159; x_wconf 82' lang='lat' dir='ltr'>dedit</span> <span class='ocrx_word' id='word_1_29' title='bbox 1742 1097 1854 1160; x_wconf 88' lang='lat' dir='ltr'><strong>Sancto</strong></span> <span class='ocrx_word' id='word_1_30' title='bbox 1878 1098 1943 1160; x_wconf 87' lang='lat' dir='ltr'><strong>Ste-</strong></span> 
     </span>
     <span class='ocr_line' id='line_1_4' title="bbox 531 1191 1942 1274; baseline 0 -18"><span class='ocrx_word' id='word_1_31' title='bbox 531 1194 634 1274; x_wconf 88' lang='lat' dir='ltr'><strong>phano</strong></span> <span class='ocrx_word' id='word_1_32' title='bbox 657 1195 806 1256; x_wconf 88' lang='lat' dir='ltr'><strong>cortinam</strong></span> <span class='ocrx_word' id='word_1_33' title='bbox 818 1191 972 1273; x_wconf 86' lang='lat' dir='ltr'><strong>quandam</strong></span> <span class='ocrx_word' id='word_1_34' title='bbox 992 1199 1023 1256; x_wconf 91' lang='lat' dir='ltr'><strong>et</strong></span> <span class='ocrx_word' id='word_1_35' title='bbox 1040 1192 1145 1272; x_wconf 82' lang='lat' dir='ltr'><strong>viginti</strong></span> <span class='ocrx_word' id='word_1_36' title='bbox 1165 1191 1284 1255; x_wconf 88' lang='lat' dir='ltr'><strong>modios</strong></span> <span class='ocrx_word' id='word_1_37' title='bbox 1303 1191 1375 1266; x_wconf 87' lang='lat' dir='ltr'><strong>vini,</strong></span> <span class='ocrx_word' id='word_1_38' title='bbox 1398 1196 1427 1253; x_wconf 94' lang='lat' dir='ltr'><strong>et</strong></span> <span class='ocrx_word' id='word_1_39' title='bbox 1446 1207 1502 1270; x_wconf 93' lang='lat' dir='ltr'><strong>pro</strong></span> <span class='ocrx_word' id='word_1_40' title='bbox 1516 1191 1747 1271; x_wconf 71' lang='lat' dir='ltr'><strong>recuperatione</strong></span> <span class='ocrx_word' id='word_1_41' title='bbox 1761 1191 1890 1257; x_wconf 85' lang='lat' dir='ltr'><strong>ecclesie</strong></span> <span class='ocrx_word' id='word_1_42' title='bbox 1908 1192 1942 1256; x_wconf 88' lang='lat' dir='ltr'><strong>de</strong></span> 
     </span>
     <span class='ocr_line' id='line_1_5' title="bbox 532 1281 1942 1370; baseline -0.001 -18"><span class='ocrx_word' id='word_1_43' title='bbox 532 1291 705 1352; x_wconf 84' lang='lat' dir='ltr'><strong>Chaernaco</strong></span> <span class='ocrx_word' id='word_1_44' title='bbox 721 1289 759 1370; x_wconf 73' lang='lat' dir='ltr'><strong>(il</strong></span> <span class='ocrx_word' id='word_1_45' title='bbox 773 1289 920 1352; x_wconf 91' lang='lat' dir='ltr'><strong>ducentos</strong></span> <span class='ocrx_word' id='word_1_46' title='bbox 932 1290 1055 1367; x_wconf 80' lang='lat' dir='ltr'><strong>triginta</strong></span> <span class='ocrx_word' id='word_1_47' title='bbox 1073 1285 1196 1350; x_wconf 90' lang='lat' dir='ltr'><strong>solidos.</strong></span> <span class='ocrx_word' id='word_1_48' title='bbox 1210 1289 1296 1348; x_wconf 84' lang='lat' dir='ltr'><strong>-Et</strong></span> <span class='ocrx_word' id='word_1_49' title='bbox 1307 1290 1483 1360; x_wconf 79' lang='lat' dir='ltr'><strong>herennius,</strong></span> <span class='ocrx_word' id='word_1_50' title='bbox 1495 1287 1734 1366; x_wconf 76' lang='lat' dir='ltr'><strong>archipresbiter</strong></span> <span class='ocrx_word' id='word_1_51' title='bbox 1752 1288 1790 1369; x_wconf 88' lang='grc'><strong>(3)</strong></span> <span class='ocrx_word' id='word_1_52' title='bbox 1805 1295 1836 1352; x_wconf 89' lang='lat' dir='ltr'><strong>et</strong></span> <span class='ocrx_word' id='word_1_53' title='bbox 1852 1281 1942 1352; x_wconf 78' lang='lat' dir='ltr'><strong>cano-¹</strong></span> 
     </span>
     <span class='ocr_line' id='line_1_6' title="bbox 528 1385 1939 1466; baseline -0.001 -18"><span class='ocrx_word' id='word_1_54' title='bbox 528 1387 625 1462; x_wconf 89' lang='lat' dir='ltr'><strong>nicus,</strong></span> <span class='ocrx_word' id='word_1_55' title='bbox 638 1388 691 1466; x_wconf 89' lang='lat' dir='ltr'><strong>qui</strong></span> <span class='ocrx_word' id='word_1_56' title='bbox 706 1387 788 1450; x_wconf 91' lang='lat' dir='ltr'><strong>dedit</strong></span> <span class='ocrx_word' id='word_1_57' title='bbox 797 1391 907 1451; x_wconf 89' lang='lat' dir='ltr'><strong>Sancto</strong></span> <span class='ocrx_word' id='word_1_58' title='bbox 917 1387 1073 1464; x_wconf 90' lang='lat' dir='ltr'><strong>Stephano</strong></span> <span class='ocrx_word' id='word_1_59' title='bbox 1085 1386 1160 1448; x_wconf 86' lang='lat' dir='ltr'><strong>duas</strong></span> <span class='ocrx_word' id='word_1_60' title='bbox 1175 1385 1260 1447; x_wconf 90' lang='lat' dir='ltr'><strong>albas</strong></span> <span class='ocrx_word' id='word_1_61' title='bbox 1274 1391 1304 1446; x_wconf 90' lang='lat' dir='ltr'><strong>et</strong></span> <span class='ocrx_word' id='word_1_62' title='bbox 1316 1399 1414 1448; x_wconf 89' lang='lat' dir='ltr'><strong>unum</strong></span> <span class='ocrx_word' id='word_1_63' title='bbox 1424 1389 1562 1464; x_wconf 88' lang='lat' dir='ltr'><strong>tapetum</strong></span> <span class='ocrx_word' id='word_1_64' title='bbox 1578 1389 1669 1463; x_wconf 84' lang='lat' dir='ltr'><strong>atquo</strong></span> <span class='ocrx_word' id='word_1_65' title='bbox 1679 1401 1777 1448; x_wconf 93' lang='lat' dir='ltr'><strong>unum</strong></span> <span class='ocrx_word' id='word_1_66' title='bbox 1789 1386 1939 1464; x_wconf 76' lang='lat' dir='ltr'><strong>pectinem</strong></span> 
     </span>
     <span class='ocr_line' id='line_1_7' title="bbox 526 1477 1937 1563; baseline -0.004 -16"><span class='ocrx_word' id='word_1_67' title='bbox 526 1483 695 1548; x_wconf 90' lang='lat' dir='ltr'><strong>eburneum</strong></span> <span class='ocrx_word' id='word_1_68' title='bbox 709 1490 739 1546; x_wconf 89' lang='lat' dir='ltr'><strong>et</strong></span> <span class='ocrx_word' id='word_1_69' title='bbox 753 1483 929 1563; x_wconf 87' lang='lat' dir='ltr'><strong>quindecim</strong></span> <span class='ocrx_word' id='word_1_70' title='bbox 942 1481 1060 1545; x_wconf 92' lang='lat' dir='ltr'><strong>modios</strong></span> <span class='ocrx_word' id='word_1_71' title='bbox 1076 1481 1135 1542; x_wconf 86' lang='lat' dir='ltr'><strong>vini</strong></span> <span class='ocrx_word' id='word_1_72' title='bbox 1151 1487 1179 1542; x_wconf 90' lang='lat' dir='ltr'><strong>et</strong></span> <span class='ocrx_word' id='word_1_73' title='bbox 1193 1487 1324 1560; x_wconf 81' lang='lat' dir='ltr'><strong>quatuor</strong></span> <span class='ocrx_word' id='word_1_74' title='bbox 1337 1479 1443 1542; x_wconf 87' lang='lat' dir='ltr'><strong>uncias</strong></span> <span class='ocrx_word' id='word_1_75' title='bbox 1461 1480 1529 1542; x_wconf 87' lang='lat' dir='ltr'><strong>auri</strong></span> <span class='ocrx_word' id='word_1_76' title='bbox 1547 1477 1586 1541; x_wconf 91' lang='lat' dir='ltr'><strong>ad</strong></span> <span class='ocrx_word' id='word_1_77' title='bbox 1600 1478 1737 1550; x_wconf 89' lang='lat' dir='ltr'><strong>tabulam</strong></span> <span class='ocrx_word' id='word_1_78' title='bbox 1756 1481 1937 1544; x_wconf 82' lang='lat' dir='ltr'><strong>faciendam.</strong></span> 
     </span>
     <span class='ocr_line' id='line_1_8' title="bbox 528 1575 1938 1660; baseline -0.003 -18"><span class='ocrx_word' id='word_1_79' title='bbox 528 1581 616 1643; x_wconf 85' lang='lat' dir='ltr'><strong>-Et</strong></span> <span class='ocrx_word' id='word_1_80' title='bbox 629 1580 740 1646; x_wconf 90' lang='lat' dir='ltr'><strong>Poncia</strong></span> <span class='ocrx_word' id='word_1_81' title='bbox 752 1579 876 1642; x_wconf 85' lang='lat' dir='ltr'><strong>lemine.</strong></span> <span class='ocrx_word' id='word_1_82' title='bbox 891 1579 907 1659; x_wconf 72' lang='lat'>5</span> <span class='ocrx_word' id='word_1_83' title='bbox 920 1612 959 1660; x_wconf 51' lang='grc' dir='ltr'><strong>ῖ-</strong></span> <span class='ocrx_word' id='word_1_84' title='bbox 971 1579 1008 1638; x_wconf 85' lang='lat' dir='ltr'><strong>lit</strong></span> <span class='ocrx_word' id='word_1_85' title='bbox 1021 1577 1209 1655; x_wconf 87' lang='lat' dir='ltr'><strong>hinulphus.</strong></span> <span class='ocrx_word' id='word_1_86' title='bbox 1225 1610 1266 1622; x_wconf 93' lang='lat'>-</span> <span class='ocrx_word' id='word_1_87' title='bbox 1277 1577 1314 1637; x_wconf 86' lang='lat' dir='ltr'><strong>Et</strong></span> <span class='ocrx_word' id='word_1_88' title='bbox 1327 1575 1470 1638; x_wconf 91' lang='lat' dir='ltr'><strong>dominus</strong></span> <span class='ocrx_word' id='word_1_89' title='bbox 1483 1575 1656 1654; x_wconf 85' lang='lat' dir='ltr'><strong>Stephanus</strong></span> <span class='ocrx_word' id='word_1_90' title='bbox 1666 1575 1704 1638; x_wconf 91' lang='lat' dir='ltr'><strong>de</strong></span> <span class='ocrx_word' id='word_1_91' title='bbox 1715 1579 1773 1639; x_wconf 91' lang='lat' dir='ltr'><strong>S...</strong></span> <span class='ocrx_word' id='word_1_92' title='bbox 1786 1585 1938 1654; x_wconf 81' lang='lat' dir='ltr'><strong>gamento,</strong></span> 
     </span>
     <span class='ocr_line' id='line_1_9' title="bbox 527 1669 1939 1756; baseline -0.004 -16"><span class='ocrx_word' id='word_1_93' title='bbox 527 1679 701 1753; x_wconf 90' lang='lat' dir='ltr'><strong>canonicus,</strong></span> <span class='ocrx_word' id='word_1_94' title='bbox 717 1677 770 1756; x_wconf 87' lang='lat' dir='ltr'><strong>qui</strong></span> <span class='ocrx_word' id='word_1_95' title='bbox 785 1675 868 1738; x_wconf 84' lang='lat' dir='ltr'><strong>dedit</strong></span> <span class='ocrx_word' id='word_1_96' title='bbox 882 1691 937 1754; x_wconf 93' lang='lat' dir='ltr'><strong>pro</strong></span> <span class='ocrx_word' id='word_1_97' title='bbox 951 1691 1007 1736; x_wconf 91' lang='lat' dir='ltr'><strong>suo</strong></span> <span class='ocrx_word' id='word_1_98' title='bbox 1021 1673 1226 1734; x_wconf 87' lang='lat' dir='ltr'><strong>anniversario</strong></span> <span class='ocrx_word' id='word_1_99' title='bbox 1246 1672 1361 1736; x_wconf 88' lang='lat' dir='ltr'><strong>ibidem</strong></span> <span class='ocrx_word' id='word_1_100' title='bbox 1375 1671 1512 1734; x_wconf 86' lang='lat' dir='ltr'><strong>iaciendo</strong></span> <span class='ocrx_word' id='word_1_101' title='bbox 1532 1669 1669 1750; x_wconf 90' lang='lat' dir='ltr'><strong>quolibet</strong></span> <span class='ocrx_word' id='word_1_102' title='bbox 1687 1687 1767 1735; x_wconf 90' lang='lat' dir='ltr'><strong>anno</strong></span> <span class='ocrx_word' id='word_1_103' title='bbox 1790 1675 1841 1735; x_wconf 82' lang='lat' dir='ltr'><strong>LX</strong></span> <span class='ocrx_word' id='word_1_104' title='bbox 1862 1689 1887 1736; x_wconf 75' lang='lat' dir='ltr'><strong>s,</strong></span> <span class='ocrx_word' id='word_1_105' title='bbox 1911 1690 1939 1734; x_wconf 90' lang='lat' dir='ltr'><strong>v.</strong></span> 
     </span>
     <span class='ocr_line' id='line_1_10' title="bbox 527 1767 1938 1850; baseline -0.003 -14"><span class='ocrx_word' id='word_1_106' title='bbox 527 1771 704 1836; x_wconf 85' lang='lat' dir='ltr'><strong>dividendos</strong></span> <span class='ocrx_word' id='word_1_107' title='bbox 718 1773 797 1834; x_wconf 87' lang='lat' dir='ltr'><strong>inter</strong></span> <span class='ocrx_word' id='word_1_108' title='bbox 811 1776 967 1850; x_wconf 87' lang='lat' dir='ltr'><strong>presentes</strong></span> <span class='ocrx_word' id='word_1_109' title='bbox 978 1768 1017 1830; x_wconf 90' lang='lat' dir='ltr'><strong>ad</strong></span> <span class='ocrx_word' id='word_1_110' title='bbox 1032 1769 1247 1840; x_wconf 83' lang='lat' dir='ltr'><strong>matutinas„et</strong></span> <span class='ocrx_word' id='word_1_111' title='bbox 1260 1767 1445 1841; x_wconf 87' lang='lat' dir='ltr'><strong>admissam,</strong></span> <span class='ocrx_word' id='word_1_112' title='bbox 1458 1772 1487 1828; x_wconf 89' lang='lat' dir='ltr'><strong>et</strong></span> <span class='ocrx_word' id='word_1_113' title='bbox 1501 1783 1578 1845; x_wconf 81' lang='lat' dir='ltr'><strong>quoa</strong></span> <span class='ocrx_word' id='word_1_114' title='bbox 1581 1814 1640 1830; x_wconf 92' lang='lat'><strong>.....</strong></span> <span class='ocrx_word' id='word_1_115' title='bbox 1656 1769 1705 1831; x_wconf 82' lang='grc' dir='ltr'><strong>ιο.</strong></span> <span class='ocrx_word' id='word_1_116' title='bbox 1722 1769 1863 1832; x_wconf 88' lang='lat' dir='ltr'><strong>Benderii</strong></span> <span class='ocrx_word' id='word_1_117' title='bbox 1868 1818 1938 1832; x_wconf 91' lang='lat'><strong>......</strong></span> 
     </span>
     <span class='ocr_line' id='line_1_11' title="bbox 526 1861 1942 1949; baseline -0.002 -18"><span class='ocrx_word' id='word_1_118' title='bbox 526 1869 579 1949; x_wconf 86' lang='lat' dir='ltr'><strong>qui</strong></span> <span class='ocrx_word' id='word_1_119' title='bbox 594 1869 748 1948; x_wconf 90' lang='lat' dir='ltr'><strong>quondam</strong></span> <span class='ocrx_word' id='word_1_120' title='bbox 759 1869 827 1930; x_wconf 90' lang='lat' dir='ltr'><strong>irat.</strong></span> <span class='ocrx_word' id='word_1_121' title='bbox 845 1867 942 1947; x_wconf 92' lang='lat' dir='ltr'><strong>ipsius</strong></span> <span class='ocrx_word' id='word_1_122' title='bbox 956 1865 1072 1928; x_wconf 89' lang='lat' dir='ltr'><strong>domini</strong></span> <span class='ocrx_word' id='word_1_123' title='bbox 1084 1863 1231 1942; x_wconf 87' lang='lat' dir='ltr'><strong>Stephani</strong></span> <span class='ocrx_word' id='word_1_124' title='bbox 1245 1865 1297 1925; x_wconf 83' lang='lat' dir='ltr'><strong>XL</strong></span> <span class='ocrx_word' id='word_1_125' title='bbox 1310 1881 1404 1925; x_wconf 92' lang='lat' dir='ltr'><strong>s...-</strong></span> <span class='ocrx_word' id='word_1_126' title='bbox 1415 1863 1453 1924; x_wconf 83' lang='lat' dir='ltr'><strong>lit</strong></span> <span class='ocrx_word' id='word_1_127' title='bbox 1461 1861 1642 1925; x_wconf 84' lang='lat' dir='ltr'><strong>venerabilis</strong></span> <span class='ocrx_word' id='word_1_128' title='bbox 1653 1863 1795 1927; x_wconf 91' lang='lat' dir='ltr'><strong>dominus</strong></span> <span class='ocrx_word' id='word_1_129' title='bbox 1810 1864 1942 1941; x_wconf 86' lang='lat' dir='ltr'><strong>Guillel-</strong></span> 
     </span>
     <span class='ocr_line' id='line_1_12' title="bbox 525 1956 1940 2046; baseline -0.003 -16"><span class='ocrx_word' id='word_1_130' title='bbox 525 1983 595 2030; x_wconf 90' lang='lat' dir='ltr'><strong>mus</strong></span> <span class='ocrx_word' id='word_1_131' title='bbox 614 1970 723 2046; x_wconf 80' lang='lat' dir='ltr'><strong>Foreys</strong></span> <span class='ocrx_word' id='word_1_132' title='bbox 735 1964 785 2046; x_wconf 86' lang='lat' dir='ltr'><strong>(i),</strong></span> <span class='ocrx_word' id='word_1_133' title='bbox 806 1963 1015 2026; x_wconf 82' lang='lat' dir='ltr'><strong>thesaurarius</strong></span> <span class='ocrx_word' id='word_1_134' title='bbox 1029 1959 1154 2023; x_wconf 88' lang='lat' dir='ltr'><strong>ecclesie</strong></span> <span class='ocrx_word' id='word_1_135' title='bbox 1167 1959 1387 2036; x_wconf 80' lang='lat' dir='ltr'><strong>Lugdunensis,</strong></span> <span class='ocrx_word' id='word_1_136' title='bbox 1404 1961 1461 2022; x_wconf 81' lang='lat' dir='ltr'><strong>XX</strong></span> <span class='ocrx_word' id='word_1_137' title='bbox 1475 1956 1532 2020; x_wconf 91' lang='lat' dir='ltr'><strong>sol.</strong></span> <span class='ocrx_word' id='word_1_138' title='bbox 1543 1993 1584 2004; x_wconf 97' lang='lat'><em>-</em></span> <span class='ocrx_word' id='word_1_139' title='bbox 1595 1959 1681 2022; x_wconf 89' lang='lat' dir='ltr'><strong>Istud</strong></span> <span class='ocrx_word' id='word_1_140' title='bbox 1699 1961 1940 2026; x_wconf 87' lang='lat' dir='ltr'><strong>anniversarium</strong></span> 
     </span>
    </p>
   </div>
   <div class='ocr_carea' id='block_1_3' title="bbox 525 2056 1261 2286">
    <p class='ocr_par' dir='ltr' id='par_1_3' title="bbox 525 2056 1261 2286">
     <span class='ocr_line' id='line_1_13' title="bbox 525 2056 1194 2127; baseline -0.013 0"><span class='ocrx_word' id='word_1_141' title='bbox 525 2063 615 2127; x_wconf 89' lang='lat' dir='ltr'><strong>debet</strong></span> <span class='ocrx_word' id='word_1_142' title='bbox 626 2065 694 2126; x_wconf 88' lang='lat' dir='ltr'><strong>heri</strong></span> <span class='ocrx_word' id='word_1_143' title='bbox 709 2062 759 2125; x_wconf 91' lang='lat' dir='ltr'><strong>die</strong></span> <span class='ocrx_word' id='word_1_144' title='bbox 772 2063 874 2126; x_wconf 81' lang='lat' dir='ltr'>XVIII</span> <span class='ocrx_word' id='word_1_145' title='bbox 884 2059 998 2122; x_wconf 88' lang='lat' dir='ltr'><strong>mensis</strong></span> <span class='ocrx_word' id='word_1_146' title='bbox 1010 2056 1194 2121; x_wconf 87' lang='lat' dir='ltr'><strong>novembris.</strong></span> 
     </span>
     <span class='ocr_line' id='line_1_14' title="bbox 563 2205 1261 2286; baseline -0.006 -14"><span class='ocrx_word' id='word_1_147' title='bbox 563 2226 595 2272; x_wconf 84' lang='lat' dir='ltr'><strong>ru</strong></span> <span class='ocrx_word' id='word_1_148' title='bbox 616 2212 701 2274; x_wconf 90' lang='lat' dir='ltr'><strong>Inus.</strong></span> <span class='ocrx_word' id='word_1_149' title='bbox 714 2243 795 2256; x_wconf 87' lang='grc'><strong>--</strong></span> <span class='ocrx_word' id='word_1_150' title='bbox 806 2209 889 2272; x_wconf 87' lang='lat' dir='ltr'><strong>Obiit</strong></span> <span class='ocrx_word' id='word_1_151' title='bbox 902 2209 1087 2283; x_wconf 71' lang='lat' dir='ltr'><strong>tisamenus,</strong></span> <span class='ocrx_word' id='word_1_152' title='bbox 1101 2205 1261 2286; x_wconf 89' lang='lat' dir='ltr'><strong>presbiter.</strong></span> 
     </span>
    </p>
   </div>
   <div class='ocr_carea' id='block_1_4' title="bbox 522 2351 1940 2530">
    <p class='ocr_par' dir='ltr' id='par_1_4' title="bbox 522 2351 1940 2530">
     <span class='ocr_line' id='line_1_15' title="bbox 563 2351 1940 2438; baseline -0.001 -20"><span class='ocrx_word' id='word_1_153' title='bbox 563 2373 581 2418; x_wconf 88' lang='lat' dir='ltr'>v</span> <span class='ocrx_word' id='word_1_154' title='bbox 602 2359 687 2420; x_wconf 89' lang='lat' dir='ltr'><strong>Inus.</strong></span> <span class='ocrx_word' id='word_1_155' title='bbox 704 2389 783 2404; x_wconf 86' lang='lat'><strong>--</strong></span> <span class='ocrx_word' id='word_1_156' title='bbox 805 2355 955 2420; x_wconf 85' lang='lat' dir='ltr'><strong>obierunt</strong></span> <span class='ocrx_word' id='word_1_157' title='bbox 977 2352 1138 2428; x_wconf 75' lang='lat' dir='ltr'><strong>hitherius,</strong></span> <span class='ocrx_word' id='word_1_158' title='bbox 1162 2351 1268 2426; x_wconf 86' lang='lat' dir='ltr'><strong>levita;</strong></span> <span class='ocrx_word' id='word_1_159' title='bbox 1293 2359 1334 2398; x_wconf 87' lang='lat'><strong>&#39;-</strong></span> <span class='ocrx_word' id='word_1_160' title='bbox 1352 2357 1382 2416; x_wconf 90' lang='lat' dir='ltr'><strong>ct</strong></span> <span class='ocrx_word' id='word_1_161' title='bbox 1406 2353 1599 2429; x_wconf 81' lang='lat' dir='ltr'><strong>lambertus,</strong></span> <span class='ocrx_word' id='word_1_162' title='bbox 1626 2353 1758 2420; x_wconf 88' lang='lat' dir='ltr'><strong>decanus</strong></span> <span class='ocrx_word' id='word_1_163' title='bbox 1783 2357 1835 2438; x_wconf 79' lang='grc' dir='ltr'>(ὅ),</span> <span class='ocrx_word' id='word_1_164' title='bbox 1858 2367 1940 2422; x_wconf 78' lang='lat' dir='ltr'><strong>-et</strong></span> 
     </span>
     <span class='ocr_line' id='line_1_16' title="bbox 522 2448 1801 2530; baseline -0.006 -16"><span class='ocrx_word' id='word_1_165' title='bbox 522 2452 722 2526; x_wconf 89' lang='lat' dir='ltr'><strong>Humbertus,</strong></span> <span class='ocrx_word' id='word_1_166' title='bbox 739 2467 902 2514; x_wconf 86' lang='lat' dir='ltr'><strong>conversus</strong></span> <span class='ocrx_word' id='word_1_167' title='bbox 917 2450 1060 2528; x_wconf 77' lang='lat' dir='ltr'><strong>Maiorevi</strong></span> <span class='ocrx_word' id='word_1_168' title='bbox 1073 2448 1124 2530; x_wconf 87' lang='grc'>(6).</span> <span class='ocrx_word' id='word_1_169' title='bbox 1795 2463 1801 2472; x_wconf 90' lang='grc'>·</span> 
     </span>
    </p>
   </div>
   <div class='ocr_carea' id='block_1_5' title="bbox 519 2589 1936 3146">
    <p class='ocr_par' dir='ltr' id='par_1_5' title="bbox 519 2589 1936 3146">
     <span class='ocr_line' id='line_1_17' title="bbox 560 2589 1934 2674; baseline 0.002 -19"><span class='ocrx_word' id='word_1_170' title='bbox 560 2607 610 2655; x_wconf 92' lang='grc' dir='ltr'><strong>ιιιι</strong></span> <span class='ocrx_word' id='word_1_171' title='bbox 632 2594 810 2655; x_wconf 85' lang='lat' dir='ltr'><strong>Inus.—-</strong></span> <span class='ocrx_word' id='word_1_172' title='bbox 822 2591 972 2654; x_wconf 83' lang='lat' dir='ltr'><strong>obierunt</strong></span> <span class='ocrx_word' id='word_1_173' title='bbox 986 2591 1174 2664; x_wconf 85' lang='lat' dir='ltr'><strong>Mannosins,</strong></span> <span class='ocrx_word' id='word_1_174' title='bbox 1191 2589 1340 2669; x_wconf 91' lang='lat' dir='ltr'><strong>presbiter</strong></span> <span class='ocrx_word' id='word_1_175' title='bbox 1347 2604 1355 2662; x_wconf 92' lang='lat'>;</span> <span class='ocrx_word' id='word_1_176' title='bbox 1368 2623 1409 2636; x_wconf 88' lang='lat'><em>-</em></span> <span class='ocrx_word' id='word_1_177' title='bbox 1421 2595 1451 2652; x_wconf 88' lang='lat' dir='ltr'><strong>et</strong></span> <span class='ocrx_word' id='word_1_178' title='bbox 1464 2590 1547 2666; x_wconf 88' lang='lat' dir='ltr'><strong>hlilo,</strong></span> <span class='ocrx_word' id='word_1_179' title='bbox 1563 2591 1778 2664; x_wconf 88' lang='lat' dir='ltr'><strong>diaconus;-</strong></span> <span class='ocrx_word' id='word_1_180' title='bbox 1790 2601 1821 2657; x_wconf 91' lang='lat' dir='ltr'><strong>et</strong></span> <span class='ocrx_word' id='word_1_181' title='bbox 1833 2595 1934 2674; x_wconf 80' lang='lat' dir='ltr'><strong>lingo,</strong></span> 
     </span>
     <span class='ocr_line' id='line_1_18' title="bbox 520 2685 1935 2766; baseline 0.001 -14"><span class='ocrx_word' id='word_1_182' title='bbox 520 2689 689 2753; x_wconf 88' lang='lat' dir='ltr'><strong>canonicus</strong></span> <span class='ocrx_word' id='word_1_183' title='bbox 706 2695 736 2751; x_wconf 92' lang='lat' dir='ltr'><strong>et</strong></span> <span class='ocrx_word' id='word_1_184' title='bbox 751 2688 849 2760; x_wconf 71' lang='lat' dir='ltr'><strong>letita,</strong></span> <span class='ocrx_word' id='word_1_185' title='bbox 862 2687 915 2766; x_wconf 86' lang='lat' dir='ltr'><strong>qni</strong></span> <span class='ocrx_word' id='word_1_186' title='bbox 930 2686 1012 2748; x_wconf 90' lang='lat' dir='ltr'><strong>dedit</strong></span> <span class='ocrx_word' id='word_1_187' title='bbox 1024 2687 1054 2748; x_wconf 94' lang='lat' dir='ltr'><strong>in</strong></span> <span class='ocrx_word' id='word_1_188' title='bbox 1071 2686 1256 2750; x_wconf 83' lang='lat' dir='ltr'><strong>eleemosina</strong></span> <span class='ocrx_word' id='word_1_189' title='bbox 1270 2685 1405 2766; x_wconf 89' lang='lat' dir='ltr'><strong>cyphum</strong></span> <span class='ocrx_word' id='word_1_190' title='bbox 1417 2693 1595 2764; x_wconf 76' lang='lat' dir='ltr'><strong>argenteum</strong></span> <span class='ocrx_word' id='word_1_191' title='bbox 1609 2705 1679 2750; x_wconf 93' lang='lat' dir='ltr'><strong>cum</strong></span> <span class='ocrx_word' id='word_1_192' title='bbox 1691 2687 1854 2766; x_wconf 87' lang='lat' dir='ltr'><strong>cochleari,</strong></span> <span class='ocrx_word' id='word_1_193' title='bbox 1866 2699 1895 2754; x_wconf 87' lang='lat' dir='ltr'><strong>et</strong></span> <span class='ocrx_word' id='word_1_194' title='bbox 1905 2692 1935 2754; x_wconf 94' lang='lat' dir='ltr'><strong>in</strong></span> 
     </span>
     <span class='ocr_line' id='line_1_19' title="bbox 520 2781 1936 2866; baseline 0.002 -19"><span class='ocrx_word' id='word_1_195' title='bbox 520 2785 724 2864; x_wconf 88' lang='lat' dir='ltr'><strong>acquisitione</strong></span> <span class='ocrx_word' id='word_1_196' title='bbox 740 2783 867 2864; x_wconf 76' lang='lat' dir='ltr'><strong>capelle</strong></span> <span class='ocrx_word' id='word_1_197' title='bbox 882 2783 983 2846; x_wconf 88' lang='lat' dir='ltr'><strong>Sancti</strong></span> <span class='ocrx_word' id='word_1_198' title='bbox 996 2783 1154 2861; x_wconf 78' lang='lat' dir='ltr'><strong>Hyppcliti</strong></span> <span class='ocrx_word' id='word_1_199' title='bbox 1172 2785 1223 2844; x_wconf 86' lang='lat' dir='ltr'><strong>XL</strong></span> <span class='ocrx_word' id='word_1_200' title='bbox 1239 2781 1352 2844; x_wconf 93' lang='lat' dir='ltr'><strong>solidos</strong></span> <span class='ocrx_word' id='word_1_201' title='bbox 1362 2797 1370 2854; x_wconf 90' lang='lat'>;</span> <span class='ocrx_word' id='word_1_202' title='bbox 1382 2782 1464 2862; x_wconf 87' lang='lat' dir='ltr'><strong>apud</strong></span> <span class='ocrx_word' id='word_1_203' title='bbox 1475 2783 1599 2856; x_wconf 89' lang='lat' dir='ltr'><strong>Baincls</strong></span> <span class='ocrx_word' id='word_1_204' title='bbox 1613 2784 1652 2866; x_wconf 81' lang='grc'><strong>(7)</strong></span> <span class='ocrx_word' id='word_1_205' title='bbox 1667 2787 1828 2864; x_wconf 84' lang='lat' dir='ltr'><strong>acquisivit</strong></span> <span class='ocrx_word' id='word_1_206' title='bbox 1838 2803 1936 2866; x_wconf 85' lang='lat' dir='ltr'><strong>quan-</strong></span> 
     </span>
     <span class='ocr_line' id='line_1_20' title="bbox 519 2867 1935 2960; baseline 0.003 -16"><span class='ocrx_word' id='word_1_207' title='bbox 519 2881 591 2944; x_wconf 88' lang='lat' dir='ltr'><strong>dem</strong></span> <span class='ocrx_word' id='word_1_208' title='bbox 606 2887 719 2944; x_wconf 89' lang='lat' dir='ltr'><strong>terram</strong></span> <span class='ocrx_word' id='word_1_209' title='bbox 739 2883 794 2942; x_wconf 82' lang='lat' dir='ltr'><strong>XX</strong></span> <span class='ocrx_word' id='word_1_210' title='bbox 813 2880 933 2941; x_wconf 92' lang='lat' dir='ltr'><strong>duobus</strong></span> <span class='ocrx_word' id='word_1_211' title='bbox 947 2879 1065 2940; x_wconf 91' lang='lat' dir='ltr'><strong>solidis.</strong></span> <span class='ocrx_word' id='word_1_212' title='bbox 1077 2913 1118 2923; x_wconf 98' lang='lat'>-</span> <span class='ocrx_word' id='word_1_213' title='bbox 1132 2881 1168 2940; x_wconf 90' lang='grc' dir='ltr'><strong>Ει</strong></span> <span class='ocrx_word' id='word_1_214' title='bbox 1182 2867 1307 2941; x_wconf 88' lang='lat' dir='ltr'><strong>Pontius</strong></span> <span class='ocrx_word' id='word_1_215' title='bbox 1326 2881 1434 2952; x_wconf 75' lang='lat' dir='ltr'><strong>Ferus,</strong></span> <span class='ocrx_word' id='word_1_216' title='bbox 1454 2875 1561 2954; x_wconf 87' lang='lat' dir='ltr'><strong>laicus,</strong></span> <span class='ocrx_word' id='word_1_217' title='bbox 1578 2883 1630 2960; x_wconf 86' lang='lat' dir='ltr'><strong>qui</strong></span> <span class='ocrx_word' id='word_1_218' title='bbox 1645 2881 1728 2945; x_wconf 92' lang='lat' dir='ltr'><strong>dedit</strong></span> <span class='ocrx_word' id='word_1_219' title='bbox 1741 2886 1852 2947; x_wconf 91' lang='lat' dir='ltr'><strong>Sancto</strong></span> <span class='ocrx_word' id='word_1_220' title='bbox 1869 2887 1935 2948; x_wconf 89' lang='lat' dir='ltr'><strong>Ste-</strong></span> 
     </span>
     <span class='ocr_line' id='line_1_21' title="bbox 520 2973 1934 3060; baseline 0.004 -22"><span class='ocrx_word' id='word_1_221' title='bbox 520 2977 624 3056; x_wconf 87' lang='lat' dir='ltr'><strong>phano</strong></span> <span class='ocrx_word' id='word_1_222' title='bbox 649 2991 707 3055; x_wconf 95' lang='lat' dir='ltr'><strong>pro</strong></span> <span class='ocrx_word' id='word_1_223' title='bbox 730 2974 937 3038; x_wconf 86' lang='lat' dir='ltr'><strong>anniversario</strong></span> <span class='ocrx_word' id='word_1_224' title='bbox 952 2990 1007 3036; x_wconf 92' lang='lat' dir='ltr'><strong>suo</strong></span> <span class='ocrx_word' id='word_1_225' title='bbox 1031 2973 1168 3036; x_wconf 89' lang='lat' dir='ltr'><strong>iaciendo</strong></span> <span class='ocrx_word' id='word_1_226' title='bbox 1188 2981 1304 3036; x_wconf 84' lang='lat' dir='ltr'><strong>sextam</strong></span> <span class='ocrx_word' id='word_1_227' title='bbox 1325 2981 1443 3054; x_wconf 86' lang='lat' dir='ltr'><strong>partem</strong></span> <span class='ocrx_word' id='word_1_228' title='bbox 1458 2978 1645 3040; x_wconf 87' lang='lat' dir='ltr'><strong>tuschiarum</strong></span> <span class='ocrx_word' id='word_1_229' title='bbox 1667 2980 1768 3042; x_wconf 88' lang='lat' dir='ltr'><strong>Sancti</strong></span> <span class='ocrx_word' id='word_1_230' title='bbox 1790 2981 1934 3060; x_wconf 80' lang='lat' dir='ltr'><strong>Stephani</strong></span> 
     </span>
     <span class='ocr_line' id='line_1_22' title="bbox 519 3069 1534 3146; baseline 0.004 -12"><span class='ocrx_word' id='word_1_231' title='bbox 519 3071 603 3134; x_wconf 92' lang='lat' dir='ltr'><strong>ultra</strong></span> <span class='ocrx_word' id='word_1_232' title='bbox 614 3069 787 3133; x_wconf 87' lang='lat' dir='ltr'><strong>Rodanum.</strong></span> <span class='ocrx_word' id='word_1_233' title='bbox 805 3103 839 3114; x_wconf 91' lang='lat'><strong>--</strong></span> <span class='ocrx_word' id='word_1_234' title='bbox 854 3073 891 3132; x_wconf 88' lang='lat' dir='ltr'><strong>Et</strong></span> <span class='ocrx_word' id='word_1_235' title='bbox 905 3071 1078 3146; x_wconf 88' lang='lat' dir='ltr'><strong>Rainerius,</strong></span> <span class='ocrx_word' id='word_1_236' title='bbox 1094 3072 1258 3134; x_wconf 90' lang='lat' dir='ltr'><strong>canonicus</strong></span> <span class='ocrx_word' id='word_1_237' title='bbox 1276 3077 1306 3134; x_wconf 90' lang='lat' dir='ltr'><strong>et</strong></span> <span class='ocrx_word' id='word_1_238' title='bbox 1319 3071 1534 3138; x_wconf 85' lang='lat' dir='ltr'><strong>subdiaconus.</strong></span> 
     </span>
    </p>
   </div>
   <div class='ocr_carea' id='block_1_6' title="bbox 520 3205 1932 3488">
    <p class='ocr_par' dir='ltr' id='par_1_6' title="bbox 520 3205 1932 3488">
     <span class='ocr_line' id='line_1_23' title="bbox 560 3205 1930 3295; baseline 0.004 -22"><span class='ocrx_word' id='word_1_239' title='bbox 560 3227 597 3274; x_wconf 86' lang='grc' dir='ltr'><strong>ιιι</strong></span> <span class='ocrx_word' id='word_1_240' title='bbox 617 3213 704 3272; x_wconf 88' lang='lat' dir='ltr'><strong>Inus.</strong></span> <span class='ocrx_word' id='word_1_241' title='bbox 717 3241 797 3254; x_wconf 85' lang='lat'><strong>--</strong></span> <span class='ocrx_word' id='word_1_242' title='bbox 809 3207 959 3272; x_wconf 90' lang='lat' dir='ltr'><strong>Obierunt</strong></span> <span class='ocrx_word' id='word_1_243' title='bbox 972 3205 1152 3284; x_wconf 85' lang='lat' dir='ltr'><strong>Foldradus,</strong></span> <span class='ocrx_word' id='word_1_244' title='bbox 1165 3207 1383 3280; x_wconf 88' lang='lat' dir='ltr'><strong>diaconns;&#39;--</strong></span> <span class='ocrx_word' id='word_1_245' title='bbox 1395 3215 1427 3272; x_wconf 89' lang='lat' dir='ltr'><strong>et</strong></span> <span class='ocrx_word' id='word_1_246' title='bbox 1438 3213 1642 3290; x_wconf 86' lang='lat' dir='ltr'><strong>Bertemarus,</strong></span> <span class='ocrx_word' id='word_1_247' title='bbox 1659 3211 1764 3290; x_wconf 88' lang='lat' dir='ltr'><strong>laicus,</strong></span> <span class='ocrx_word' id='word_1_248' title='bbox 1779 3217 1834 3295; x_wconf 86' lang='lat' dir='ltr'><strong>qui</strong></span> <span class='ocrx_word' id='word_1_249' title='bbox 1849 3216 1930 3281; x_wconf 90' lang='lat' dir='ltr'><strong>dedit</strong></span> 
     </span>
     <span class='ocr_line' id='line_1_24' title="bbox 520 3303 1932 3386; baseline 0.004 -15"><span class='ocrx_word' id='word_1_250' title='bbox 520 3311 630 3372; x_wconf 89' lang='lat' dir='ltr'><strong>Sancto</strong></span> <span class='ocrx_word' id='word_1_251' title='bbox 640 3305 794 3384; x_wconf 91' lang='lat' dir='ltr'><strong>Stephano</strong></span> <span class='ocrx_word' id='word_1_252' title='bbox 803 3321 893 3366; x_wconf 91' lang='lat' dir='ltr'><strong>suum</strong></span> <span class='ocrx_word' id='word_1_253' title='bbox 906 3304 1053 3367; x_wconf 91' lang='lat' dir='ltr'><strong>allodium</strong></span> <span class='ocrx_word' id='word_1_254' title='bbox 1066 3303 1103 3367; x_wconf 89' lang='lat' dir='ltr'><strong>de</strong></span> <span class='ocrx_word' id='word_1_255' title='bbox 1116 3305 1293 3368; x_wconf 83' lang='lat' dir='ltr'><strong>Chacellaco</strong></span> <span class='ocrx_word' id='word_1_256' title='bbox 1307 3306 1363 3386; x_wconf 88' lang='lat'><strong>(8).</strong></span> <span class='ocrx_word' id='word_1_257' title='bbox 1375 3341 1415 3353; x_wconf 92' lang='lat'>-</span> <span class='ocrx_word' id='word_1_258' title='bbox 1429 3309 1466 3370; x_wconf 82' lang='lat' dir='ltr'><strong>lit</strong></span> <span class='ocrx_word' id='word_1_259' title='bbox 1475 3309 1654 3384; x_wconf 86' lang='lat' dir='ltr'><strong>Raineldus,</strong></span> <span class='ocrx_word' id='word_1_260' title='bbox 1666 3312 1806 3376; x_wconf 88' lang='lat' dir='ltr'><strong>sacerdos</strong></span> <span class='ocrx_word' id='word_1_261' title='bbox 1820 3319 1850 3376; x_wconf 88' lang='lat' dir='ltr'><strong>et</strong></span> <span class='ocrx_word' id='word_1_262' title='bbox 1866 3329 1932 3377; x_wconf 93' lang='lat' dir='ltr'><strong>mo-</strong></span> 
     </span>
     <span class='ocr_line' id='line_1_25' title="bbox 520 3401 1775 3488; baseline 0.003 -20"><span class='ocrx_word' id='word_1_263' title='bbox 520 3405 638 3468; x_wconf 86' lang='lat' dir='ltr'><strong>nachus</strong></span> <span class='ocrx_word' id='word_1_264' title='bbox 650 3402 805 3481; x_wconf 83' lang='lat' dir='ltr'><strong>liajorevi.</strong></span> <span class='ocrx_word' id='word_1_265' title='bbox 818 3435 858 3446; x_wconf 99' lang='lat'>-</span> <span class='ocrx_word' id='word_1_266' title='bbox 869 3403 906 3462; x_wconf 87' lang='lat' dir='ltr'><strong>Et</strong></span> <span class='ocrx_word' id='word_1_267' title='bbox 915 3401 1063 3477; x_wconf 83' lang='lat' dir='ltr'><strong>Andreas,</strong></span> <span class='ocrx_word' id='word_1_268' title='bbox 1080 3417 1242 3464; x_wconf 89' lang='lat' dir='ltr'><strong>conversus</strong></span> <span class='ocrx_word' id='word_1_269' title='bbox 1253 3405 1372 3465; x_wconf 84' lang='lat' dir='ltr'><strong>Sanctae</strong></span> <span class='ocrx_word' id='word_1_270' title='bbox 1387 3403 1492 3466; x_wconf 87' lang='lat' dir='ltr'><strong>hiariae</strong></span> <span class='ocrx_word' id='word_1_271' title='bbox 1504 3407 1599 3469; x_wconf 87' lang='lat' dir='ltr'><strong>Bonae</strong></span> <span class='ocrx_word' id='word_1_272' title='bbox 1612 3407 1707 3470; x_wconf 86' lang='lat' dir='ltr'><strong>Vallis</strong></span> <span class='ocrx_word' id='word_1_273' title='bbox 1723 3407 1775 3488; x_wconf 84' lang='grc'>(9).</span> 
     </span>
    </p>
   </div>
   <div class='ocr_carea' id='block_1_7' title="bbox 521 3505 1931 3728">
    <p class='ocr_par' dir='ltr' id='par_1_7' title="bbox 521 3505 1931 3728">
     <span class='ocr_line' id='line_1_26' title="bbox 559 3505 1930 3630; baseline 0.003 -20"><span class='ocrx_word' id='word_1_274' title='bbox 559 3563 583 3610; x_wconf 95' lang='grc' dir='ltr'><strong>ιι</strong></span> <span class='ocrx_word' id='word_1_275' title='bbox 604 3549 689 3610; x_wconf 87' lang='lat' dir='ltr'><strong>Inus.</strong></span> <span class='ocrx_word' id='word_1_276' title='bbox 703 3577 785 3590; x_wconf 93' lang='lat'><strong>-—</strong></span> <span class='ocrx_word' id='word_1_277' title='bbox 799 3543 948 3607; x_wconf 84' lang='lat' dir='ltr'><strong>obierunt</strong></span> <span class='ocrx_word' id='word_1_278' title='bbox 964 3543 1111 3616; x_wconf 84' lang='lat' dir='ltr'><strong>heterius,</strong></span> <span class='ocrx_word' id='word_1_279' title='bbox 1128 3542 1291 3620; x_wconf 90' lang='lat' dir='ltr'><strong>presbiter;</strong></span> <span class='ocrx_word' id='word_1_280' title='bbox 1304 3575 1345 3588; x_wconf 90' lang='lat'><em>-</em></span> <span class='ocrx_word' id='word_1_281' title='bbox 1360 3549 1389 3605; x_wconf 89' lang='lat' dir='ltr'><strong>et</strong></span> <span class='ocrx_word' id='word_1_282' title='bbox 1399 3544 1514 3620; x_wconf 81' lang='lat' dir='ltr'><strong>chco,</strong></span> <span class='ocrx_word' id='word_1_283' title='bbox 1532 3505 1622 3608; x_wconf 87' lang='lat' dir='ltr'><strong>levita</strong></span> <span class='ocrx_word' id='word_1_284' title='bbox 1631 3561 1639 3619; x_wconf 91' lang='lat'>;</span> <span class='ocrx_word' id='word_1_285' title='bbox 1654 3581 1695 3594; x_wconf 88' lang='lat'>-</span> <span class='ocrx_word' id='word_1_286' title='bbox 1708 3555 1739 3611; x_wconf 91' lang='lat' dir='ltr'><strong>et</strong></span> <span class='ocrx_word' id='word_1_287' title='bbox 1750 3551 1930 3630; x_wconf 86' lang='lat' dir='ltr'><strong>Stephanus,</strong></span> 
     </span>
     <span class='ocr_line' id='line_1_27' title="bbox 521 3638 1931 3728; baseline 0.002 -20"><span class='ocrx_word' id='word_1_288' title='bbox 521 3645 663 3708; x_wconf 88' lang='lat' dir='ltr'><strong>sacerdos</strong></span> <span class='ocrx_word' id='word_1_289' title='bbox 677 3647 708 3706; x_wconf 89' lang='lat' dir='ltr'><strong>et</strong></span> <span class='ocrx_word' id='word_1_290' title='bbox 720 3640 894 3714; x_wconf 89' lang='lat' dir='ltr'><strong>canonicus,</strong></span> <span class='ocrx_word' id='word_1_291' title='bbox 910 3639 963 3718; x_wconf 88' lang='lat' dir='ltr'><strong>qui</strong></span> <span class='ocrx_word' id='word_1_292' title='bbox 973 3638 1057 3702; x_wconf 90' lang='lat' dir='ltr'><strong>dedit</strong></span> <span class='ocrx_word' id='word_1_293' title='bbox 1070 3638 1215 3701; x_wconf 87' lang='lat' dir='ltr'><strong>iratribus</strong></span> <span class='ocrx_word' id='word_1_294' title='bbox 1225 3641 1275 3701; x_wconf 84' lang='lat' dir='ltr'><strong>xl.</strong></span> <span class='ocrx_word' id='word_1_295' title='bbox 1290 3639 1413 3702; x_wconf 89' lang='lat' dir='ltr'><strong>solidos.</strong></span> <span class='ocrx_word' id='word_1_296' title='bbox 1425 3673 1465 3686; x_wconf 92' lang='lat'><em>-</em></span> <span class='ocrx_word' id='word_1_297' title='bbox 1477 3643 1513 3704; x_wconf 85' lang='lat' dir='ltr'><strong>lit</strong></span> <span class='ocrx_word' id='word_1_298' title='bbox 1525 3641 1744 3722; x_wconf 82' lang='lat' dir='ltr'><strong>llugcloardns,</strong></span> <span class='ocrx_word' id='word_1_299' title='bbox 1764 3647 1870 3723; x_wconf 89' lang='lat' dir='ltr'><strong>abbas,</strong></span> <span class='ocrx_word' id='word_1_300' title='bbox 1882 3650 1931 3728; x_wconf 86' lang='lat' dir='ltr'><strong>qni</strong></span> 
     </span>
    </p>
   </div>
   <div class='ocr_carea' id='block_1_8' title="bbox 519 3911 1189 4057">
    <p class='ocr_par' dir='ltr' id='par_1_8' title="bbox 519 3911 1189 4057">
     <span class='ocr_line' id='line_1_28' title="bbox 520 3911 1189 3976; baseline -0.006 -14"><span class='ocrx_word' id='word_1_301' title='bbox 520 3915 592 3974; x_wconf 74' lang='lat' dir='ltr'><strong>(licia</strong></span> <span class='ocrx_word' id='word_1_302' title='bbox 611 3915 755 3961; x_wconf 76' lang='lat' dir='ltr'><strong>Decembris.</strong></span> <span class='ocrx_word' id='word_1_303' title='bbox 765 3937 796 3948; x_wconf 94' lang='lat'>-</span> <span class='ocrx_word' id='word_1_304' title='bbox 807 3913 872 3961; x_wconf 90' lang='lat' dir='ltr'><strong>Obiit</strong></span> <span class='ocrx_word' id='word_1_305' title='bbox 882 3912 982 3960; x_wconf 85' lang='lat' dir='ltr'><strong>Gillinus</strong></span> <span class='ocrx_word' id='word_1_306' title='bbox 994 3911 1092 3976; x_wconf 85' lang='lat' dir='ltr'><strong>comes),</strong></span> <span class='ocrx_word' id='word_1_307' title='bbox 1104 3914 1162 3960; x_wconf 84' lang='lat' dir='ltr'><strong>maie</strong></span> <span class='ocrx_word' id='word_1_308' title='bbox 1173 3911 1189 3958; x_wconf 90' lang='lat' dir='ltr'><strong>il</strong></span> 
     </span>
     <span class='ocr_line' id='line_1_29' title="bbox 519 3983 1185 4057; baseline -0.011 -13"><span class='ocrx_word' id='word_1_309' title='bbox 519 4005 555 4044; x_wconf 84' lang='lat' dir='ltr'><strong>est</strong></span> <span class='ocrx_word' id='word_1_310' title='bbox 563 3995 687 4057; x_wconf 85' lang='lat' dir='ltr'><strong>probable,</strong></span> <span class='ocrx_word' id='word_1_311' title='bbox 703 3983 823 4041; x_wconf 84' lang='lat' dir='ltr'><strong>comme&#39;la</strong></span> <span class='ocrx_word' id='word_1_312' title='bbox 837 3993 877 4040; x_wconf 87' lang='lat' dir='ltr'><strong>init</strong></span> <span class='ocrx_word' id='word_1_313' title='bbox 889 4007 1027 4054; x_wconf 81' lang='lat' dir='ltr'><strong>remnrqner</strong></span> <span class='ocrx_word' id='word_1_314' title='bbox 1037 3993 1068 4040; x_wconf 87' lang='lat' dir='ltr'><strong>ll.</strong></span> <span class='ocrx_word' id='word_1_315' title='bbox 1084 3993 1185 4054; x_wconf 77' lang='lat' dir='ltr'><strong>Sleyert,</strong></span> 
     </span>
    </p>
   </div>
   <div class='ocr_carea' id='block_1_9' title="bbox 1264 3913 1933 4059">
    <p class='ocr_par' dir='ltr' id='par_1_9' title="bbox 1264 3913 1933 4059">
     <span class='ocr_line' id='line_1_30' title="bbox 1264 3913 1932 3980; baseline 0.007 -20"><span class='ocrx_word' id='word_1_316' title='bbox 1264 3913 1447 3973; x_wconf 87' lang='lat' dir='ltr'><strong>probablement</strong></span> <span class='ocrx_word' id='word_1_317' title='bbox 1460 3915 1576 3964; x_wconf 82' lang='lat' dir='ltr'><strong>chencine</strong></span> <span class='ocrx_word' id='word_1_318' title='bbox 1593 3914 1621 3962; x_wconf 89' lang='lat' dir='ltr'><strong>dc</strong></span> <span class='ocrx_word' id='word_1_319' title='bbox 1634 3915 1723 3978; x_wconf 72' lang='lat' dir='ltr'><strong>l&#39;tglisc</strong></span> <span class='ocrx_word' id='word_1_320' title='bbox 1743 3919 1932 3980; x_wconf 71' lang='lat' dir='ltr'><strong>metropolitains</strong></span> 
     </span>
     <span class='ocr_line' id='line_1_31' title="bbox 1266 3995 1933 4059; baseline 0.012 -19"><span class='ocrx_word' id='word_1_321' title='bbox 1266 3995 1294 4042; x_wconf 87' lang='lat' dir='ltr'><strong>de</strong></span> <span class='ocrx_word' id='word_1_322' title='bbox 1304 3996 1378 4056; x_wconf 83' lang='lat' dir='ltr'><strong>Lych,</strong></span> <span class='ocrx_word' id='word_1_323' title='bbox 1387 3997 1496 4044; x_wconf 81' lang='lat' dir='ltr'><strong>rivellen</strong></span> <span class='ocrx_word' id='word_1_324' title='bbox 1508 3999 1575 4044; x_wconf 75' lang='lat' dir='ltr'><strong>tili.</strong></span> <span class='ocrx_word' id='word_1_325' title='bbox 1587 3995 1623 4059; x_wconf 88' lang='lat' dir='ltr'><strong>(V.</strong></span> <span class='ocrx_word' id='word_1_326' title='bbox 1634 3997 1704 4044; x_wconf 78' lang='lat' dir='ltr'><strong>hrcle.</strong></span> <span class='ocrx_word' id='word_1_327' title='bbox 1715 3998 1746 4045; x_wconf 90' lang='lat' dir='ltr'><strong>du</strong></span> <span class='ocrx_word' id='word_1_328' title='bbox 1756 3999 1846 4059; x_wconf 83' lang='lat' dir='ltr'><strong>Rhome,</strong></span> <span class='ocrx_word' id='word_1_329' title='bbox 1860 3999 1933 4048; x_wconf 64' lang='lat' dir='ltr'><strong>Yitrcs</strong></span> 
     </span>
    </p>
   </div>
   <div class='ocr_carea' id='block_1_10' title="bbox 518 4075 1187 5094">
    <p class='ocr_par' dir='ltr' id='par_1_10' title="bbox 518 4075 1186 4538">
     <span class='ocr_line' id='line_1_32' title="bbox 520 4075 1186 4140; baseline -0.008 -14"><span class='ocrx_word' id='word_1_330' title='bbox 520 4088 565 4140; x_wconf 84' lang='lat' dir='ltr'><strong>que</strong></span> <span class='ocrx_word' id='word_1_331' title='bbox 577 4091 614 4125; x_wconf 88' lang='lat' dir='ltr'><strong>ces</strong></span> <span class='ocrx_word' id='word_1_332' title='bbox 631 4077 697 4124; x_wconf 85' lang='lat' dir='ltr'><strong>dates</strong></span> <span class='ocrx_word' id='word_1_333' title='bbox 708 4091 733 4122; x_wconf 88' lang='lat' dir='ltr'><strong>se</strong></span> <span class='ocrx_word' id='word_1_334' title='bbox 751 4081 890 4136; x_wconf 85' lang='lat' dir='ltr'><strong>rapportcnt</strong></span> <span class='ocrx_word' id='word_1_335' title='bbox 902 4091 947 4122; x_wconf 83' lang='lat' dir='ltr'><strong>aun</strong></span> <span class='ocrx_word' id='word_1_336' title='bbox 956 4077 1027 4136; x_wconf 72' lang='lat' dir='ltr'><strong>lours</strong></span> <span class='ocrx_word' id='word_1_337' title='bbox 1038 4077 1070 4122; x_wconf 89' lang='lat' dir='ltr'><strong>od</strong></span> <span class='ocrx_word' id='word_1_338' title='bbox 1089 4075 1111 4122; x_wconf 83' lang='lat' dir='ltr'><strong>le</strong></span> <span class='ocrx_word' id='word_1_339' title='bbox 1128 4089 1186 4122; x_wconf 91' lang='lat' dir='ltr'><strong>eon-</strong></span> 
     </span>
     <span class='ocr_line' id='line_1_33' title="bbox 520 4154 1186 4215; baseline -0.009 -9"><span class='ocrx_word' id='word_1_340' title='bbox 520 4157 642 4206; x_wconf 86' lang='lat' dir='ltr'><strong>neissence</strong></span> <span class='ocrx_word' id='word_1_341' title='bbox 660 4155 689 4202; x_wconf 84' lang='lat' dir='ltr'><strong>de</strong></span> <span class='ocrx_word' id='word_1_342' title='bbox 704 4169 747 4202; x_wconf 87' lang='lat' dir='ltr'><strong>son</strong></span> <span class='ocrx_word' id='word_1_343' title='bbox 761 4155 829 4200; x_wconf 78' lang='lat' dir='ltr'><strong>decer</strong></span> <span class='ocrx_word' id='word_1_344' title='bbox 842 4155 944 4215; x_wconf 80' lang='lat' dir='ltr'><strong>parsint,</strong></span> <span class='ocrx_word' id='word_1_345' title='bbox 957 4157 969 4200; x_wconf 84' lang='lat' dir='ltr'><strong>d</strong></span> <span class='ocrx_word' id='word_1_346' title='bbox 983 4154 1057 4214; x_wconf 81' lang='lat' dir='ltr'><strong>Lyco,</strong></span> <span class='ocrx_word' id='word_1_347' title='bbox 1069 4167 1115 4201; x_wconf 81' lang='lat' dir='ltr'><strong>eux</strong></span> <span class='ocrx_word' id='word_1_348' title='bbox 1129 4155 1186 4200; x_wconf 87' lang='lat' dir='ltr'><strong>ehe-</strong></span> 
     </span>
     <span class='ocr_line' id='line_1_34' title="bbox 519 4233 1184 4295; baseline -0.009 -9"><span class='ocrx_word' id='word_1_349' title='bbox 519 4240 602 4286; x_wconf 84' lang='lat' dir='ltr'><strong>neines</strong></span> <span class='ocrx_word' id='word_1_350' title='bbox 612 4239 639 4284; x_wconf 92' lang='lat' dir='ltr'><strong>de</strong></span> <span class='ocrx_word' id='word_1_351' title='bbox 654 4238 829 4284; x_wconf 86' lang='lat' dir='ltr'><strong>Saint-Etienne</strong></span> <span class='ocrx_word' id='word_1_352' title='bbox 843 4244 867 4282; x_wconf 84' lang='lat' dir='ltr'><strong>et</strong></span> <span class='ocrx_word' id='word_1_353' title='bbox 878 4236 906 4282; x_wconf 92' lang='lat' dir='ltr'><strong>de</strong></span> <span class='ocrx_word' id='word_1_354' title='bbox 917 4235 1065 4283; x_wconf 82' lang='lat' dir='ltr'><strong>Salui-Paul.</strong></span> <span class='ocrx_word' id='word_1_355' title='bbox 1076 4233 1113 4295; x_wconf 84' lang='lat' dir='ltr'><strong>(V.</strong></span> <span class='ocrx_word' id='word_1_356' title='bbox 1124 4233 1184 4281; x_wconf 81' lang='lat' dir='ltr'><strong>lltsc.</strong></span> 
     </span>
     <span class='ocr_line' id='line_1_35' title="bbox 518 4304 1183 4370; baseline -0.009 -6"><span class='ocrx_word' id='word_1_357' title='bbox 518 4304 561 4364; x_wconf 72' lang='lat' dir='ltr'><strong>dc&#39;s</strong></span> <span class='ocrx_word' id='word_1_358' title='bbox 583 4317 640 4364; x_wconf 87' lang='lat' dir='ltr'><strong>dues</strong></span> <span class='ocrx_word' id='word_1_359' title='bbox 660 4316 688 4362; x_wconf 86' lang='lat' dir='ltr'><strong>de</strong></span> <span class='ocrx_word' id='word_1_360' title='bbox 711 4316 822 4362; x_wconf 86' lang='lat' dir='ltr'><strong>Bourbon</strong></span> <span class='ocrx_word' id='word_1_361' title='bbox 845 4323 868 4362; x_wconf 91' lang='lat' dir='ltr'><strong>et</strong></span> <span class='ocrx_word' id='word_1_362' title='bbox 887 4315 927 4362; x_wconf 84' lang='lat' dir='ltr'><strong>des</strong></span> <span class='ocrx_word' id='word_1_363' title='bbox 944 4320 1032 4360; x_wconf 84' lang='lat' dir='ltr'><strong>comtes</strong></span> <span class='ocrx_word' id='word_1_364' title='bbox 1054 4312 1082 4360; x_wconf 88' lang='lat' dir='ltr'><strong>de</strong></span> <span class='ocrx_word' id='word_1_365' title='bbox 1102 4311 1183 4370; x_wconf 73' lang='lat' dir='ltr'><strong>Fores,</strong></span> 
     </span>
     <span class='ocr_line' id='line_1_36' title="bbox 518 4393 1185 4454; baseline -0.003 -14"><span class='ocrx_word' id='word_1_366' title='bbox 518 4395 595 4440; x_wconf 75' lang='lat' dir='ltr'><strong>editoe</strong></span> <span class='ocrx_word' id='word_1_367' title='bbox 618 4407 662 4454; x_wconf 84' lang='lat' dir='ltr'><strong>par</strong></span> <span class='ocrx_word' id='word_1_368' title='bbox 683 4393 713 4440; x_wconf 87' lang='lat' dir='ltr'><strong>tl.</strong></span> <span class='ocrx_word' id='word_1_369' title='bbox 739 4394 767 4439; x_wconf 89' lang='lat' dir='ltr'><strong>de</strong></span> <span class='ocrx_word' id='word_1_370' title='bbox 788 4393 961 4451; x_wconf 77' lang='lat' dir='ltr'><strong>Chentelaure,</strong></span> <span class='ocrx_word' id='word_1_371' title='bbox 982 4399 999 4440; x_wconf 90' lang='lat' dir='ltr'><strong>l.</strong></span> <span class='ocrx_word' id='word_1_372' title='bbox 1022 4395 1066 4452; x_wconf 80' lang='lat' dir='ltr'><strong>l“‚</strong></span> <span class='ocrx_word' id='word_1_373' title='bbox 1090 4393 1126 4438; x_wconf 89' lang='lat' dir='ltr'><strong>eb.</strong></span> <span class='ocrx_word' id='word_1_374' title='bbox 1147 4404 1185 4439; x_wconf 80' lang='lat' dir='ltr'><strong>xix</strong></span> 
     </span>
     <span class='ocr_line' id='line_1_37' title="bbox 520 4483 1151 4538; baseline 0 -20"><span class='ocrx_word' id='word_1_375' title='bbox 520 4483 605 4521; x_wconf 68' lang='lat' dir='ltr'><strong>clami</strong></span> <span class='ocrx_word' id='word_1_376' title='bbox 1147 4527 1151 4538; x_wconf 39' lang='grc' dir='ltr'>Ι</span> 
     </span>
    </p>

    <p class='ocr_par' dir='ltr' id='par_1_11' title="bbox 520 4551 1187 4931">
     <span class='ocr_line' id='line_1_38' title="bbox 553 4551 1185 4614; baseline -0.003 -14"><span class='ocrx_word' id='word_1_377' title='bbox 553 4552 587 4614; x_wconf 81' lang='grc'><strong>(1)</strong></span> <span class='ocrx_word' id='word_1_378' title='bbox 603 4555 635 4600; x_wconf 78' lang='lat' dir='ltr'><strong>t&#39;e</strong></span> <span class='ocrx_word' id='word_1_379' title='bbox 652 4551 764 4611; x_wconf 66' lang='lat' dir='ltr'><strong>(irriguas,</strong></span> <span class='ocrx_word' id='word_1_380' title='bbox 782 4553 906 4610; x_wconf 76' lang='lat' dir='ltr'><strong>ohannins,</strong></span> <span class='ocrx_word' id='word_1_381' title='bbox 921 4559 955 4598; x_wconf 86' lang='lat' dir='ltr'><strong>est</strong></span> <span class='ocrx_word' id='word_1_382' title='bbox 973 4551 1033 4600; x_wconf 83' lang='lat' dir='ltr'><strong>ainsi</strong></span> <span class='ocrx_word' id='word_1_383' title='bbox 1049 4553 1185 4600; x_wconf 70' lang='lat' dir='ltr'><strong>mentioned</strong></span> 
     </span>
     <span class='ocr_line' id='line_1_39' title="bbox 520 4627 1187 4677; baseline 0 -1"><span class='ocrx_word' id='word_1_384' title='bbox 520 4629 579 4677; x_wconf 84' lang='lat' dir='ltr'><strong>dens</strong></span> <span class='ocrx_word' id='word_1_385' title='bbox 591 4629 728 4676; x_wconf 82' lang='lat' dir='ltr'><strong>l&#39;Obiteeire</strong></span> <span class='ocrx_word' id='word_1_386' title='bbox 737 4629 765 4674; x_wconf 88' lang='lat' dir='ltr'><strong>de</strong></span> <span class='ocrx_word' id='word_1_387' title='bbox 777 4629 913 4676; x_wconf 79' lang='lat' dir='ltr'><strong>Salat-Paul</strong></span> <span class='ocrx_word' id='word_1_388' title='bbox 924 4640 930 4674; x_wconf 95' lang='lat'><strong>:</strong></span> <span class='ocrx_word' id='word_1_389' title='bbox 944 4645 958 4672; x_wconf 79' lang='lat' dir='ltr'><strong>a</strong></span> <span class='ocrx_word' id='word_1_390' title='bbox 966 4643 998 4674; x_wconf 75' lang='lat' dir='ltr'><strong>nn</strong></span> <span class='ocrx_word' id='word_1_391' title='bbox 1007 4629 1071 4676; x_wconf 88' lang='lat' dir='ltr'><strong>ldus.</strong></span> <span class='ocrx_word' id='word_1_392' title='bbox 1082 4653 1113 4664; x_wconf 96' lang='lat'><em>-</em></span> <span class='ocrx_word' id='word_1_393' title='bbox 1121 4627 1187 4676; x_wconf 87' lang='lat' dir='ltr'><strong>Obiit</strong></span> 
     </span>
     <span class='ocr_line' id='line_1_40' title="bbox 520 4708 1184 4771; baseline -0.002 -15"><span class='ocrx_word' id='word_1_394' title='bbox 520 4709 605 4771; x_wconf 73' lang='lat' dir='ltr'><strong>Guiga,</strong></span> <span class='ocrx_word' id='word_1_395' title='bbox 618 4709 747 4771; x_wconf 80' lang='lat' dir='ltr'><strong>presbiter,</strong></span> <span class='ocrx_word' id='word_1_396' title='bbox 757 4715 837 4754; x_wconf 86' lang='lat' dir='ltr'><strong>nostre</strong></span> <span class='ocrx_word' id='word_1_397' title='bbox 849 4708 1040 4769; x_wconf 73' lang='lat' dir='ltr'><strong>congregationis</strong></span> <span class='ocrx_word' id='word_1_398' title='bbox 1049 4711 1184 4767; x_wconf 78' lang='lat' dir='ltr'><strong>collonicus,</strong></span> 
     </span>
     <span class='ocr_line' id='line_1_41' title="bbox 520 4785 1185 4852; baseline -0.003 -16"><span class='ocrx_word' id='word_1_399' title='bbox 520 4789 562 4852; x_wconf 80' lang='lat' dir='ltr'><strong>qui</strong></span> <span class='ocrx_word' id='word_1_400' title='bbox 575 4789 639 4836; x_wconf 84' lang='lat' dir='ltr'><strong>ledit</strong></span> <span class='ocrx_word' id='word_1_401' title='bbox 650 4787 719 4834; x_wconf 84' lang='lat' dir='ltr'><strong>nobis</strong></span> <span class='ocrx_word' id='word_1_402' title='bbox 736 4787 782 4833; x_wconf 75' lang='lat' dir='ltr'><strong>dria</strong></span> <span class='ocrx_word' id='word_1_403' title='bbox 798 4785 896 4848; x_wconf 81' lang='lat' dir='ltr'><strong>tapecia,</strong></span> <span class='ocrx_word' id='word_1_404' title='bbox 915 4793 938 4832; x_wconf 87' lang='lat' dir='ltr'><strong>et</strong></span> <span class='ocrx_word' id='word_1_405' title='bbox 958 4799 1002 4846; x_wconf 87' lang='lat' dir='ltr'><strong>pro</strong></span> <span class='ocrx_word' id='word_1_406' title='bbox 1016 4787 1131 4834; x_wconf 85' lang='lat' dir='ltr'><strong>avunculo</strong></span> <span class='ocrx_word' id='word_1_407' title='bbox 1142 4799 1185 4834; x_wconf 82' lang='lat' dir='ltr'><strong>suo</strong></span> 
     </span>
     <span class='ocr_line' id='line_1_42' title="bbox 520 4869 1017 4931; baseline -0.014 -12"><span class='ocrx_word' id='word_1_408' title='bbox 520 4872 615 4919; x_wconf 86' lang='lat' dir='ltr'><strong>celicam</strong></span> <span class='ocrx_word' id='word_1_409' title='bbox 624 4877 761 4931; x_wconf 72' lang='lat' dir='ltr'><strong>argenteum</strong></span> <span class='ocrx_word' id='word_1_410' title='bbox 771 4869 907 4916; x_wconf 88' lang='lat' dir='ltr'><strong>dccorelnm</strong></span> <span class='ocrx_word' id='word_1_411' title='bbox 924 4883 992 4916; x_wconf 86' lang='lat' dir='ltr'><strong>euro.</strong></span> <span class='ocrx_word' id='word_1_412' title='bbox 1004 4887 1017 4912; x_wconf 84' lang='lat' dir='ltr'><strong>n</strong></span> 
     </span>
    </p>

    <p class='ocr_par' dir='ltr' id='par_1_12' title="bbox 552 4947 1034 5012">
     <span class='ocr_line' id='line_1_43' title="bbox 552 4947 1034 5012; baseline -0.006 -15"><span class='ocrx_word' id='word_1_413' title='bbox 552 4951 585 5012; x_wconf 75' lang='lat' dir='ltr'><strong>(i)</strong></span> <span class='ocrx_word' id='word_1_414' title='bbox 605 4952 724 5010; x_wconf 79' lang='lat' dir='ltr'><strong>Charnay,</strong></span> <span class='ocrx_word' id='word_1_415' title='bbox 734 4956 818 4995; x_wconf 88' lang='lat' dir='ltr'><strong>canton</strong></span> <span class='ocrx_word' id='word_1_416' title='bbox 831 4948 915 4996; x_wconf 79' lang='lat' dir='ltr'><strong>d’hnse</strong></span> <span class='ocrx_word' id='word_1_417' title='bbox 924 4947 1034 5010; x_wconf 73' lang='lat' dir='ltr'><strong>illiserit).</strong></span> 
     </span>
    </p>

    <p class='ocr_par' dir='ltr' id='par_1_13' title="bbox 552 5028 1185 5094">
     <span class='ocr_line' id='line_1_44' title="bbox 552 5028 1185 5094; baseline 0 -16"><span class='ocrx_word' id='word_1_418' title='bbox 552 5033 586 5094; x_wconf 65' lang='lat' dir='ltr'><strong>(e)</strong></span> <span class='ocrx_word' id='word_1_419' title='bbox 604 5031 638 5077; x_wconf 89' lang='lat' dir='ltr'><strong>Uo</strong></span> <span class='ocrx_word' id='word_1_420' title='bbox 651 5029 756 5090; x_wconf 81' lang='lat' dir='ltr'><strong>llurnnd,</strong></span> <span class='ocrx_word' id='word_1_421' title='bbox 769 5028 916 5091; x_wconf 75' lang='lat' dir='ltr'><strong>archipretre</strong></span> <span class='ocrx_word' id='word_1_422' title='bbox 932 5029 960 5075; x_wconf 87' lang='lat' dir='ltr'><strong>de</strong></span> <span class='ocrx_word' id='word_1_423' title='bbox 973 5029 1073 5076; x_wconf 84' lang='lat' dir='ltr'><strong>llombes</strong></span> <span class='ocrx_word' id='word_1_424' title='bbox 1089 5037 1112 5076; x_wconf 87' lang='lat' dir='ltr'><strong>et</strong></span> <span class='ocrx_word' id='word_1_425' title='bbox 1125 5032 1185 5078; x_wconf 81' lang='lat' dir='ltr'><strong>nes-</strong></span> 
     </span>
    </p>
   </div>
   <div class='ocr_carea' id='block_1_11' title="bbox 1265 4069 1936 5088">
    <p class='ocr_par' dir='ltr' id='par_1_14' title="bbox 1266 4069 1930 4219">
     <span class='ocr_line' id='line_1_45' title="bbox 1266 4069 1930 4138; baseline 0.006 -18"><span class='ocrx_word' id='word_1_426' title='bbox 1266 4069 1294 4121; x_wconf 91' lang='lat' dir='ltr'><strong>de</strong></span> <span class='ocrx_word' id='word_1_427' title='bbox 1306 4074 1413 4134; x_wconf 85' lang='lat' dir='ltr'><strong>l&#39;nbbeye</strong></span> <span class='ocrx_word' id='word_1_428' title='bbox 1430 4075 1458 4123; x_wconf 88' lang='lat' dir='ltr'><strong>de</strong></span> <span class='ocrx_word' id='word_1_429' title='bbox 1472 4077 1583 4138; x_wconf 72' lang='lat' dir='ltr'><strong>savigny,</strong></span> <span class='ocrx_word' id='word_1_430' title='bbox 1599 4074 1658 4122; x_wconf 88' lang='lat' dir='ltr'><strong>dans</strong></span> <span class='ocrx_word' id='word_1_431' title='bbox 1673 4075 1695 4122; x_wconf 92' lang='lat' dir='ltr'><strong>ln</strong></span> <span class='ocrx_word' id='word_1_432' title='bbox 1711 4080 1772 4125; x_wconf 78' lang='lat' dir='ltr'><strong>serie</strong></span> <span class='ocrx_word' id='word_1_433' title='bbox 1786 4080 1804 4126; x_wconf 91' lang='lat' dir='ltr'><strong>ll</strong></span> <span class='ocrx_word' id='word_1_434' title='bbox 1814 4097 1821 4138; x_wconf 79' lang='lat'>3</span> <span class='ocrx_word' id='word_1_435' title='bbox 1833 4087 1855 4126; x_wconf 90' lang='lat' dir='ltr'><strong>el</strong></span> <span class='ocrx_word' id='word_1_436' title='bbox 1875 4080 1898 4126; x_wconf 81' lang='grc' dir='ltr'><strong>Ρ.</strong></span> <span class='ocrx_word' id='word_1_437' title='bbox 1910 4080 1930 4124; x_wconf 84' lang='lat' dir='ltr'><strong>l.</strong></span> 
     </span>
     <span class='ocr_line' id='line_1_46' title="bbox 1266 4154 1586 4219; baseline 0.006 -19"><span class='ocrx_word' id='word_1_438' title='bbox 1266 4154 1388 4213; x_wconf 78' lang='lat' dir='ltr'><strong>d&#39;hubret,</strong></span> <span class='ocrx_word' id='word_1_439' title='bbox 1398 4165 1423 4216; x_wconf 88' lang='lat' dir='ltr'><strong>p.</strong></span> <span class='ocrx_word' id='word_1_440' title='bbox 1434 4157 1473 4211; x_wconf 80' lang='lat' dir='ltr'><strong>ir,</strong></span> <span class='ocrx_word' id='word_1_441' title='bbox 1486 4156 1524 4202; x_wconf 87' lang='lat' dir='ltr'><strong>ch.</strong></span> <span class='ocrx_word' id='word_1_442' title='bbox 1538 4157 1586 4219; x_wconf 82' lang='lat' dir='ltr'><strong>ux.)</strong></span> 
     </span>
    </p>

    <p class='ocr_par' dir='ltr' id='par_1_15' title="bbox 1298 4230 1579 4301">
     <span class='ocr_line' id='line_1_47' title="bbox 1298 4230 1579 4301; baseline 0.025 -24"><span class='ocrx_word' id='word_1_443' title='bbox 1298 4230 1331 4295; x_wconf 83' lang='lat' dir='ltr'><strong>(t)</strong></span> <span class='ocrx_word' id='word_1_444' title='bbox 1349 4232 1376 4278; x_wconf 88' lang='lat' dir='ltr'><strong>V.</strong></span> <span class='ocrx_word' id='word_1_445' title='bbox 1387 4245 1427 4294; x_wconf 89' lang='lat' dir='ltr'><strong>pp.</strong></span> <span class='ocrx_word' id='word_1_446' title='bbox 1440 4235 1514 4280; x_wconf 77' lang='lat' dir='ltr'><strong>lecet</strong></span> <span class='ocrx_word' id='word_1_447' title='bbox 1525 4237 1579 4301; x_wconf 72' lang='lat' dir='ltr'><strong>lbi.</strong></span> 
     </span>
    </p>

    <p class='ocr_par' dir='ltr' id='par_1_16' title="bbox 1265 4310 1933 4532">
     <span class='ocr_line' id='line_1_48' title="bbox 1297 4310 1933 4374; baseline 0.008 -18"><span class='ocrx_word' id='word_1_448' title='bbox 1297 4313 1333 4370; x_wconf 79' lang='grc'><strong>(5)</strong></span> <span class='ocrx_word' id='word_1_449' title='bbox 1350 4310 1383 4358; x_wconf 86' lang='lat' dir='ltr'><strong>Ce</strong></span> <span class='ocrx_word' id='word_1_450' title='bbox 1395 4310 1471 4371; x_wconf 74' lang='lat' dir='ltr'><strong>doyen</strong></span> <span class='ocrx_word' id='word_1_451' title='bbox 1492 4312 1565 4360; x_wconf 83' lang='lat' dir='ltr'><strong>vivait</strong></span> <span class='ocrx_word' id='word_1_452' title='bbox 1580 4328 1610 4360; x_wconf 86' lang='lat' dir='ltr'><strong>en</strong></span> <span class='ocrx_word' id='word_1_453' title='bbox 1628 4318 1674 4362; x_wconf 80' lang='lat' dir='ltr'><strong>osu</strong></span> <span class='ocrx_word' id='word_1_454' title='bbox 1692 4327 1723 4362; x_wconf 89' lang='lat' dir='ltr'><strong>cu</strong></span> <span class='ocrx_word' id='word_1_455' title='bbox 1739 4316 1794 4360; x_wconf 70' lang='lat' dir='ltr'><strong>tbi.</strong></span> <span class='ocrx_word' id='word_1_456' title='bbox 1808 4311 1844 4374; x_wconf 81' lang='grc' dir='ltr'><strong>(ι’.</strong></span> <span class='ocrx_word' id='word_1_457' title='bbox 1861 4314 1933 4360; x_wconf 79' lang='lat' dir='ltr'><strong>Gallie</strong></span> 
     </span>
     <span class='ocr_line' id='line_1_49' title="bbox 1265 4388 1933 4452; baseline 0.003 -16"><span class='ocrx_word' id='word_1_458' title='bbox 1265 4389 1402 4436; x_wconf 83' lang='lat' dir='ltr'><strong>Christiano</strong></span> <span class='ocrx_word' id='word_1_459' title='bbox 1410 4388 1449 4450; x_wconf 84' lang='lat' dir='ltr'><strong>lv,</strong></span> <span class='ocrx_word' id='word_1_460' title='bbox 1461 4393 1522 4446; x_wconf 72' lang='lat'><strong>20³5</strong></span> <span class='ocrx_word' id='word_1_461' title='bbox 1532 4399 1557 4438; x_wconf 84' lang='lat' dir='ltr'><strong>et</strong></span> <span class='ocrx_word' id='word_1_462' title='bbox 1571 4391 1718 4452; x_wconf 85' lang='lat' dir='ltr'><strong>Guiehcncu,</strong></span> <span class='ocrx_word' id='word_1_463' title='bbox 1729 4393 1790 4439; x_wconf 87' lang='lat' dir='ltr'><strong>illst.</strong></span> <span class='ocrx_word' id='word_1_464' title='bbox 1803 4393 1832 4438; x_wconf 83' lang='lat' dir='ltr'><strong>de</strong></span> <span class='ocrx_word' id='word_1_465' title='bbox 1843 4392 1933 4450; x_wconf 75' lang='lat' dir='ltr'><strong>Breme,</strong></span> 
     </span>
     <span class='ocr_line' id='line_1_50' title="bbox 1266 4463 1853 4532; baseline -0.002 -16"><span class='ocrx_word' id='word_1_466' title='bbox 1266 4483 1376 4532; x_wconf 83' lang='lat' dir='ltr'><strong>preuves,</strong></span> <span class='ocrx_word' id='word_1_467' title='bbox 1386 4483 1410 4530; x_wconf 90' lang='lat' dir='ltr'><strong>p.</strong></span> <span class='ocrx_word' id='word_1_468' title='bbox 1424 4469 1476 4532; x_wconf 74' lang='grc'>96.)</span> <span class='ocrx_word' id='word_1_469' title='bbox 1843 4463 1853 4480; x_wconf 75' lang='grc'>’</span> 
     </span>
    </p>

    <p class='ocr_par' dir='ltr' id='par_1_17' title="bbox 1266 4548 1935 4692">
     <span class='ocr_line' id='line_1_51' title="bbox 1295 4548 1935 4610; baseline 0 -16"><span class='ocrx_word' id='word_1_470' title='bbox 1295 4549 1332 4610; x_wconf 64' lang='lat' dir='ltr'><strong>io)</strong></span> <span class='ocrx_word' id='word_1_471' title='bbox 1350 4548 1458 4610; x_wconf 80' lang='lat' dir='ltr'><strong>llcyrlet,</strong></span> <span class='ocrx_word' id='word_1_472' title='bbox 1472 4549 1586 4598; x_wconf 83' lang='lat' dir='ltr'><strong>ancienne</strong></span> <span class='ocrx_word' id='word_1_473' title='bbox 1604 4552 1750 4610; x_wconf 84' lang='lat' dir='ltr'><strong>ebertreusc,</strong></span> <span class='ocrx_word' id='word_1_474' title='bbox 1772 4564 1896 4598; x_wconf 74' lang='lat' dir='ltr'><strong>conrnune</strong></span> <span class='ocrx_word' id='word_1_475' title='bbox 1908 4551 1935 4596; x_wconf 86' lang='lat' dir='ltr'><strong>dc</strong></span> 
     </span>
     <span class='ocr_line' id='line_1_52' title="bbox 1266 4625 1560 4692; baseline 0.007 -20"><span class='ocrx_word' id='word_1_476' title='bbox 1266 4626 1475 4678; x_wconf 80' lang='lat' dir='ltr'><strong>Vieux-d&#39;lseneve</strong></span> <span class='ocrx_word' id='word_1_477' title='bbox 1485 4625 1560 4692; x_wconf 77' lang='lat' dir='ltr'><strong>(hin).</strong></span> 
     </span>
    </p>

    <p class='ocr_par' dir='ltr' id='par_1_18' title="bbox 1267 4705 1935 4850">
     <span class='ocr_line' id='line_1_53' title="bbox 1298 4705 1935 4770; baseline 0.003 -18"><span class='ocrx_word' id='word_1_478' title='bbox 1298 4705 1331 4769; x_wconf 82' lang='grc'><strong>(7)</strong></span> <span class='ocrx_word' id='word_1_479' title='bbox 1350 4706 1459 4768; x_wconf 76' lang='lat' dir='ltr'><strong>Bagnols,</strong></span> <span class='ocrx_word' id='word_1_480' title='bbox 1469 4715 1554 4754; x_wconf 77' lang='lat' dir='ltr'><strong>milton</strong></span> <span class='ocrx_word' id='word_1_481' title='bbox 1568 4708 1598 4756; x_wconf 92' lang='lat' dir='ltr'><strong>du</strong></span> <span class='ocrx_word' id='word_1_482' title='bbox 1608 4707 1775 4770; x_wconf 72' lang='lat' dir='ltr'><strong>sois-rotega</strong></span> <span class='ocrx_word' id='word_1_483' title='bbox 1784 4708 1894 4770; x_wconf 73' lang='lat' dir='ltr'><strong>(illudne),</strong></span> <span class='ocrx_word' id='word_1_484' title='bbox 1905 4723 1935 4754; x_wconf 88' lang='lat' dir='ltr'><strong>an</strong></span> 
     </span>
     <span class='ocr_line' id='line_1_54' title="bbox 1267 4786 1726 4850; baseline 0 -16"><span class='ocrx_word' id='word_1_485' title='bbox 1267 4789 1377 4848; x_wconf 79' lang='lat' dir='ltr'><strong>Beynost,</strong></span> <span class='ocrx_word' id='word_1_486' title='bbox 1388 4786 1473 4834; x_wconf 79' lang='lat' dir='ltr'><strong>centon</strong></span> <span class='ocrx_word' id='word_1_487' title='bbox 1485 4788 1514 4834; x_wconf 84' lang='lat' dir='ltr'><strong>de</strong></span> <span class='ocrx_word' id='word_1_488' title='bbox 1526 4789 1638 4836; x_wconf 79' lang='lat' dir='ltr'><strong>liontluel</strong></span> <span class='ocrx_word' id='word_1_489' title='bbox 1652 4787 1726 4850; x_wconf 79' lang='lat' dir='ltr'><strong>(ein).</strong></span> 
     </span>
    </p>

    <p class='ocr_par' dir='ltr' id='par_1_19' title="bbox 1299 4867 1874 4932">
     <span class='ocr_line' id='line_1_55' title="bbox 1299 4867 1874 4932; baseline 0 -18"><span class='ocrx_word' id='word_1_490' title='bbox 1299 4867 1332 4930; x_wconf 79' lang='grc'><strong>(8)</strong></span> <span class='ocrx_word' id='word_1_491' title='bbox 1350 4867 1486 4928; x_wconf 55' lang='lat' dir='ltr'><strong>chemin,</strong></span> <span class='ocrx_word' id='word_1_492' title='bbox 1495 4877 1581 4915; x_wconf 84' lang='lat' dir='ltr'><strong>centon</strong></span> <span class='ocrx_word' id='word_1_493' title='bbox 1591 4869 1619 4916; x_wconf 83' lang='lat' dir='ltr'><strong>de</strong></span> <span class='ocrx_word' id='word_1_494' title='bbox 1630 4869 1750 4914; x_wconf 82' lang='lat' dir='ltr'><strong>Limonest</strong></span> <span class='ocrx_word' id='word_1_495' title='bbox 1762 4869 1874 4932; x_wconf 76' lang='lat' dir='ltr'><strong>(dhone).</strong></span> 
     </span>
    </p>

    <p class='ocr_par' dir='ltr' id='par_1_20' title="bbox 1268 4947 1936 5088">
     <span class='ocr_line' id='line_1_56' title="bbox 1299 4947 1936 5010; baseline 0.006 -18"><span class='ocrx_word' id='word_1_496' title='bbox 1299 4947 1332 5010; x_wconf 90' lang='grc'><strong>(11)</strong></span> <span class='ocrx_word' id='word_1_497' title='bbox 1350 4947 1493 4994; x_wconf 79' lang='lat' dir='ltr'><strong>Bonnereux</strong></span> <span class='ocrx_word' id='word_1_498' title='bbox 1505 4948 1596 5010; x_wconf 81' lang='lat' dir='ltr'><strong>(isere),</strong></span> <span class='ocrx_word' id='word_1_499' title='bbox 1610 4948 1700 5007; x_wconf 79' lang='lat' dir='ltr'><strong>abbaye</strong></span> <span class='ocrx_word' id='word_1_500' title='bbox 1712 4949 1740 4995; x_wconf 83' lang='lat' dir='ltr'><strong>dc</strong></span> <span class='ocrx_word' id='word_1_501' title='bbox 1752 4950 1839 5003; x_wconf 85' lang='lat' dir='ltr'><strong>l&#39;crd.e</strong></span> <span class='ocrx_word' id='word_1_502' title='bbox 1856 4951 1884 4996; x_wconf 88' lang='lat' dir='ltr'><strong>de</strong></span> <span class='ocrx_word' id='word_1_503' title='bbox 1893 4949 1936 4996; x_wconf 54' lang='lat' dir='ltr'><strong>llis</strong></span> 
     </span>
     <span class='ocr_line' id='line_1_57' title="bbox 1268 5027 1590 5088; baseline -0.003 -13"><span class='ocrx_word' id='word_1_504' title='bbox 1268 5035 1346 5088; x_wconf 72' lang='lat' dir='ltr'><strong>tenus,</strong></span> <span class='ocrx_word' id='word_1_505' title='bbox 1358 5027 1443 5078; x_wconf 65' lang='lat' dir='ltr'><strong>rondes</strong></span> <span class='ocrx_word' id='word_1_506' title='bbox 1452 5041 1506 5080; x_wconf 75' lang='lat' dir='ltr'><strong>vcro</strong></span> <span class='ocrx_word' id='word_1_507' title='bbox 1521 5031 1590 5076; x_wconf 81' lang='lat' dir='ltr'><strong>ille.</strong></span> 
     </span>
    </p>
   </div>
   <div class='ocr_carea' id='block_1_12' title="bbox 0 0 2163 6052">
    <p class='ocr_par' dir='ltr' id='par_1_21' title="bbox 0 0 2163 6052">
     <span class='ocr_line' id='line_1_58' title="bbox 0 0 2163 6052; baseline 0 0"><span class='ocrx_word' id='word_1_508' title='bbox 0 0 2163 6052; x_wconf 95' lang='lat' dir='ltr'><strong> </strong></span> 
     </span>
    </p>
   </div>
  </div>
 </body>
</html>
