4300 6054
573 831 738 882 ernustes
759 833 797 880 ns
819 814 952 880 uicus:
973 831 1011 882 nn
1032 833 1273 882 uvore-socc.
1594 823 1632 884 ⁹7

214 946 411 1029 lingonicis,
436 949 520 1032 quod
550 955 674 1031 precum
687 949 770 1014 idem
786 953 912 1014 mucor
926 950 1122 1029 ccqmsivicc
1144 948 1359 1017 sennonem
1387 951 1536 1022 dlrurccel
1559 955 1632 1022 dicti

212 1037 293 1117 locl;
312 1045 405 1122 dedit,
427 1045 563 1127 inquom,
577 1045 692 1112 dictum
704 1051 827 1125 protum
844 1043 902 1110 sub
918 1043 1091 1110 condiuoue
1104 1045 1186 1127 qued
1198 1045 1271 1112 dicti
1284 1047 1400 1114 domini
1414 1049 1630 1120 obedienciarii

200 1153 316 1218 -perse
329 1143 377 1206 vel
393 1159 449 1223 per
463 1144 560 1208 elium
583 1143 701 1208 solvere
714 1149 744 1205 et
759 1141 941 1208 distribuere
950 1147 1114 1208 mneeutcr
1124 1143 1182 1222 sub
1195 1159 1274 1224 pens
1288 1144 1551 1224 deportationis
1569 1163 1631 1228 que

213 1235 272 1300 liet
284 1238 400 1304 dictim
410 1240 664 1316 conuersurinm,
680 1237 810 1319 singulis
822 1238 975 1306 ennonicic
984 1239 1197 1320 incorporatis,
1210 1239 1377 1320 capellanis
1390 1241 1583 1324 simplicibus
1600 1249 1630 1306 et

211 1330 337 1398 clericis
347 1336 402 1415 qui
420 1335 503 1400 dicte
513 1335 563 1400 die
583 1341 685 1409 erunt,
697 1336 729 1398 in
752 1335 912 1400 matutinis
932 1341 1125 1398 mortuorum
1141 1335 1181 1398 cb
1199 1335 1292 1400 inicio
1315 1351 1413 1418 usque
1431 1337 1470 1406 ed
1487 1339 1626 1406 inudotc

211 1427 381 1496 decenum
402 1431 439 1496 de
450 1430 534 1510 ecs,
558 1429 686 1496 ondibct
709 1431 848 1510 ipserum
868 1446 922 1496 sex
941 1430 1084 1494 decanos
1102 1431 1324 1508 viennensium,
1350 1439 1380 1494 st
1398 1431 1551 1501 clericulis
1567 1441 1628 1504 tres

210 1525 369 1590 donemus.
393 1529 470 1592 Item
487 1526 618 1608 ungulis
642 1527 808 1604 cononicis
836 1525 1024 1608 cappellanis
1050 1528 1216 1608 perpetuis,
1242 1527 1409 1610 onpollaoie
1433 1528 1626 1616 simplicibus

209 1629 240 1683 et
273 1621 403 1698 clericis,
434 1626 488 1704 qui
522 1631 613 1690 erunt
643 1626 675 1688 in
708 1626 803 1690 mnne
834 1623 1035 1690 anniversarii
1065 1629 1096 1687 et
1125 1625 1250 1688 cubent
1277 1625 1317 1690 ab
1348 1625 1440 1690 inicio
1465 1645 1564 1708 usque
1584 1630 1621 1692 cd

209 1727 331 1802 Aenus„
344 1722 411 1796 nel,
433 1721 527 1784 etiem
549 1721 699 1785 mrerdoti
723 1721 889 1788 celebrcnti
902 1720 1041 1794 missum,
1058 1718 1196 1794 disoeno,
1217 1719 1405 1786 subdiacone
1422 1740 1459 1788 ec
1481 1723 1551 1791 eliis
1571 1727 1624 1806 qui

209 1816 326 1880 taciem
344 1832 447 1898 cspcs,
476 1818 603 1883 cuilibet
626 1835 682 1882 ser
706 1817 857 1882 decenos.
885 1821 963 1883 Item
985 1817 1111 1882 socriste
1147 1817 1227 1883 dicte
1256 1818 1471 1898 Lugdunensis
1496 1822 1624 1891 ecclesie
1739 1872 1745 1886 .

208 1912 352 1992 qmnqve
363 1913 477 1977 midos
494 1913 719 1989 viennensium,
732 1913 791 1980 snb
802 1911 976 1978 condidere
990 1911 1072 1992 quod
1084 1911 1134 1976 die
1144 1913 1290 1992 precioso,
1305 1931 1366 1994 qno
1386 1915 1439 1980 liet
1453 1919 1625 1986 anniversa·

208 2009 294 2072 vium
305 2025 407 2085 suum,
421 2011 538 2090 pulsavi
550 2027 656 2074 omnes
668 2026 832 2090 campellus
839 2009 966 2076 ecclesie
976 2009 1076 2072 iecere
1089 2014 1235 2074 emetur.
1253 2011 1287 2074 lit
1296 2009 1406 2074 silorte
1420 2011 1491 2078 dicti
1504 2013 1623 2088 domini

208 2101 427 2170 obedienciarii
455 2113 609 2170 cessarent
630 2113 684 2170 cut
705 2105 821 2172 nollent
849 2105 968 2170 solvere
990 2104 1120 2184 singulis
1147 2105 1284 2186 personis
1319 2104 1469 2186 predictas
1497 2111 1623 2194 pecunie

208 2215 359 2276 summes,
373 2204 439 2269 vult
450 2212 480 2268 et
490 2203 717 2285 precipit-quod
729 2201 903 2283 predictum
927 2201 1149 2282 praeemineres
1163 2218 1237 2264 sucis
1250 2201 1462 2286 infrascriptus
1480 2211 1580 2275 occet
1593 2216 1625 2272 et

208 2297 366 2375 possideat
379 2300 437 2364 sub
450 2299 678 2366 conditionibus
691 2299 847 2380 predictis,
862 2297 976 2364 scilicet
996 2297 1079 2378 quod
1094 2297 1192 2362 dictus
1212 2297 1303 2360 heres
1315 2315 1389 2362 suus
1400 2300 1624 2382 ,tecereteoes-

207 2397 260 2454 tur
273 2391 430 2458 celebrere
443 2395 814 2464 dictumenniversnrinm
825 2393 917 2460 modo
936 2408 997 2473 quo
1018 2409 1121 2474 supra.
1142 2395 1217 2456 ltem
1240 2392 1292 2456 det
1313 2399 1345 2458 et
1367 2394 1448 2476 legat
1473 2405 1622 2480 perpetuo

207 2487 288 2552 dicte
302 2488 428 2553 ecclesie
440 2491 636 2572 lugdunensi
648 2491 806 2572 sexaginte
818 2489 932 2556 solidos
942 2489 1155 2554 viennensium
1169 2490 1264 2556 anoni
1278 2497 1308 2556 et
1321 2494 1460 2576 perpetui
1471 2494 1619 2572 redditus,

207 2586 702 2670 uumeoquisivitabEmpbilisin
714 2587 756 2652 dn
770 2591 868 2670 Mage,
884 2601 980 2653 uvore
997 2585 1137 2664 Hugonis
1161 2571 1312 2661 darnerii,
1329 2593 1360 2652 et
1385 2591 1438 2668 qui
1462 2593 1619 2673 sexaginta

207 2682 299 2748 solidi
320 2683 471 2752 debentur
489 2704 582 2770 super
599 2685 690 2753 certis
708 2687 801 2752 rebus
815 2685 881 2750 sitis
895 2685 928 2750 in
947 2683 1164 2750 mandamento
1183 2683 1345 2762 d’Irignins
1368 2681 1428 2764 (l),
1453 2685 1495 2753 ite
1516 2693 1618 2752 umen
1712 2775 1715 2780 Ι
1820 2661 1824 2670 ’

206 2779 291 2858 cuod
302 2780 419 2846 domini
432 2785 583 2860 canonici,
595 2783 745 2868 capelloni
762 2781 900 2872 perpetui
916 2785 947 2846 et
962 2779 1014 2844 clii
1029 2779 1222 2844 ecclesiastici
1237 2775 1317 2843 dicte
1335 2779 1471 2856 ecclesie,
1489 2781 1537 2850 die
1551 2785 1617 2850 testi

203 2876 308 2939 Sancti
332 2877 463 2956 cumdii,
485 2879 524 2944 cd
543 2879 694 2946 honorem
722 2877 820 2967 ipsius
845 2877 1000 2944 celebrare
1020 2881 1183 2942 tencantur
1206 2891 1350 2956 magnum
1369 2879 1494 2942 missam
1516 2887 1545 2943 et
1558 2881 1618 2945 nde

201 2965 303 3034 officie
314 2973 536 3056 sollempniter,
551 2984 586 3040 ut
600 2977 631 3042 in
645 2977 729 3042 festis
741 2975 918 3056 grossarum
935 2987 1155 3052 campanarum
1170 2972 1265 3036 moris
1280 2977 1345 3046 est;
1362 2989 1439 3057 quos
1460 2975 1617 3056 sexaginte

201 3065 316 3130 solidos
328 3070 538 3135 viennensium
550 3075 614 3136 vult
625 3080 655 3136 et
668 3071 978 3152 ordinctdispenssri,
989 3069 1069 3133 dicte
1079 3067 1139 3145 dic,
1150 3067 1279 3150 singolis
1289 3069 1378 3134 annis
1390 3077 1549 3159 perpetuo,
1562 3089 1617 3164 per

198 3177 312 3226 manus
321 3163 395 3229 dicti
408 3165 526 3232 domini
536 3171 616 3234 Petri
631 3157 756 3244 lulium,
773 3169 875 3232 fratris
887 3169 946 3242 sui,
968 3165 1105 3248 quandiu
1123 3167 1233 3229 vixerit
1252 3173 1284 3230 et
1303 3167 1436 3231 fueritin
1457 3167 1612 3244 humenis,

198 3263 230 3318 et
241 3265 312 3339 post
323 3259 390 3338 ejus
402 3262 521 3328 obitum
535 3281 710 3346 permanes
720 3263 943 3328 venerabilium
953 3263 1092 3326 viromm
1104 3260 1306 3326 discretorum
1315 3263 1614 3329 obedienciarinrum

197 3355 302 3418 Sancti
322 3357 443 3422 Genesii
467 3359 563 3424 Vallis
585 3360 622 3443 (il
645 3377 699 3426 seu
717 3359 964 3442 deputandorum
980 3361 1019 3424 ab
1035 3361 1091 3435 cis,
1108 3365 1139 3423 et
1159 3361 1218 3424 lvcc
1241 3361 1300 3425 sub
1319 3375 1400 3442 pecc
1413 3364 1610 3442 cresonm,

196 3449 338 3516 videlicet
350 3455 479 3534 singulis
491 3457 624 3521 dominis
644 3459 798 3526 canonicis
818 3463 849 3522 et
867 3457 1080 3540 incorporatis,
1096 3455 1149 3536 qui
1164 3455 1244 3522 dicte
1257 3458 1306 3522 die
1320 3459 1351 3521 ic
1365 3461 1524 3523 metudnis
1536 3462 1610 3524 inte·

195 3554 314 3623 rerunt,
342 3549 468 3614 cuilibet
491 3555 563 3618 VIII
577 3553 735 3629 denarics;
759 3555 926 3638 capellanis
946 3571 1019 3618 vero
1037 3549 1240 3634 simplicibus,
1257 3554 1377 3622 clericis
1396 3561 1429 3618 et
1445 3555 1607 3631 clericellis,

193 3641 321 3708 cuilibet
342 3649 372 3710 ΙΙ
397 3647 540 3713 denarios
555 3651 778 3718 viennensium.
794 3655 871 3718 Item
890 3651 1002 3718 dicenti
1019 3651 1207 3726 vitatorium,
1220 3649 1303 3714 ultre
1314 3652 1491 3732 porcionem
1507 3667 1606 3728 sunm,

192 3739 253 3804 xlc
266 3739 409 3806 denarios
418 3747 498 3809 vien.
512 3749 589 3812 Item
600 3749 712 3812 dicenti
726 3763 821 3812 onem
841 3747 1001 3814 lectionem
1015 3749 1089 3821 llll;
1103 3745 1315 3828 respondenti,
1335 3745 1416 3810 ultre
1430 3749 1607 3828 porcionem

191 3849 292 3913 suom,
309 3840 349 3902 vl
361 3837 511 3906 deuncos.
526 3846 603 3908 Item
616 3845 729 3910 dicenti
743 3847 787 3910 ill
802 3845 972 3922 lectionem,
986 3844 1068 3908 ultre
1086 3843 1263 3924 porcionem
1277 3859 1377 3919 suam,
1390 3845 1431 3909 Vl
1450 3844 1604 3909 donamus.

190 3933 267 3996 Item
298 3933 420 4002 iccienti
444 3944 474 4002 ct
503 3938 651 4004 deferenti
678 3941 866 4008 turribulum
896 3957 954 4022 pre
978 3945 1039 4004 tolo
1069 3939 1159 4014 tuto,
1190 3939 1272 4004 ultre
1298 3940 1475 4022 porcionem
1504 3957 1603 4019 suem,

188 4029 289 4094 xlm
302 4029 454 4098 comeo.
470 4038 548 4102 Item
562 4038 729 4118 campanili
751 4055 807 4118 pro
831 4038 1007 4118 pulseoione
1039 4037 1137 4100 tocius
1166 4035 1233 4100 testi
1255 4037 1281 4102 V
1309 4035 1422 4100 solidos
1455 4037 1604 4102 viennen-
1654 4075 1658 4084 ·

188 4125 268 4189 sium
283 4126 337 4208 (3).
351 4132 428 4195 Item
440 4132 553 4196 dicenti
564 4137 757 4215 evangelium
770 4132 972 4215 etepistolcm
985 4134 1124 4197 inmissa
1134 4132 1366 4208 matutinorum,
1383 4131 1465 4198 ultra
1479 4135 1604 4214 porcio-

184 4235 256 4285 nem
266 4239 367 4300 snnm,
381 4225 575 4294 cuilibetllli
587 4231 740 4294 decenos.
750 4233 827 4294 Item
840 4231 988 4310 megisuo
998 4229 1085 4292 ebori
1096 4240 1151 4309 pro
1160 4227 1433 4292 leboreintcnendi
1447 4225 1601 4308 dominon

183 4317 362 4396 porcionem
373 4321 406 4388 in
419 4323 590 4392 maurinis.
606 4329 643 4392 In
654 4341 767 4408 magns
780 4333 883 4391 entem
899 4327 993 4392 misse
1012 4325 1137 4390 cuilibet
1149 4325 1188 4388 ce
1201 4323 1335 4388 dominis
1345 4331 1379 4388 et
1397 4325 1601 4404 incorporeus

183 4413 224 4478 VI
236 4413 380 4483 decenos
393 4419 629 4500 cennensium
650 4423 776 4492 eminet
791 4423 950 4506 capellano
964 4421 1108 4508 simplici,
1124 4419 1238 4486 clerico
1261 4427 1291 4484 et
1304 4419 1449 4488 clericulo
1463 4423 1493 4484 ΙΙ
1506 4421 1603 4485 denc-

182 4511 245 4576 rine
264 4513 346 4580 rien
365 4517 531 4582 Revestitis
546 4521 632 4601 cepis
646 4527 680 4584 et
697 4519 890 4586 menbris
915 4519 1051 4596 cuilibet,
1070 4517 1153 4582 ultre
1172 4517 1360 4602 porcionem,
1377 4519 1419 4586 VI
1443 4511 1598 4588 cencriosj

219 4745 265 4810 (¹)
290 4749 387 4818 irim,
409 4763 496 4806 conten
522 4758 552 4807 cle
585 4712 851 4818 satus-centenurii
959 4754 993 4818 (t)
1010 4756 1077 4804 Gelu
1092 4753 1234 4817 disposition
1249 4761 1285 4804 est
1298 4751 1367 4804 niceo
1380 4751 1473 4800 densis
1486 4759 1561 4809 terte,
1577 4759 1600 4796 ec

182 4820 294 4892 (RQ)-
927 4839 1100 4906 ncccmpnpupe
1126 4848 1156 4884 en
1180 4847 1262 4908 mcrpp
1290 4831 1319 4881 dc
1345 4845 1384 4881 ces
1411 4837 1496 4880 meter
1519 4847 1533 4875 ι
1546 4829 1598 4876 ttoe

177 4903 253 5044 mg).
276 4909 560 4983 Setini-Gepic-md‚
588 4919 795 4976 mmmm
820 4922 850 4970 cc
928 4921 1003 4964 venet.
1021 4931 1035 4960 s
1115 4965 1139 4984 ,v
1167 4979 1170 4987 Α

1295 5075 1332 5136 tc
