4380 6058
586 817 643 880 448
1001 833 1097 882 44444
1117 833 1176 882 ees
1197 817 1304 884 444444
1324 826 1578 883 44444444444444.

584 953 633 1014 45.
655 982 695 994 -
713 949 786 1016 lein
805 951 893 1016 4444.
909 952 1224 1019 -444444444444444
1238 967 1296 1032 per
1313 953 1452 1031 4144444,
1473 946 1648 1016 4444444444
1665 954 1696 1014 44
1714 950 1809 1028 04444
1830 949 2004 1032 4444444444,

621 1062 682 1126 que
693 1051 805 1112 teutee
818 1063 880 1128 que
889 1044 964 1112 ledit
974 1050 1102 1129 Hugues
1120 1047 1250 1130 pessede
1264 1048 1342 1114 dene
1362 1047 1392 1114 le
1405 1047 1536 1112 4444444
1546 1045 1585 1112 44
1596 1045 1750 1114 condrion
1762 1046 1883 1128 depend
1893 1049 1934 1111 du
1950 1050 2007 1110 fiel

622 1143 660 1206 de
674 1141 792 1224 l'eglise
807 1145 844 1208 de
857 1146 953 1224 Lyon,
969 1149 1039 1210 449.
1409 1154 1414 1160 “

583 1246 631 1306 44.
654 1273 695 1290 -
709 1243 747 1306 44
762 1243 935 1322 septembre
949 1245 1038 1308 4444.
1051 1229 1092 1288 ·'-
1106 1244 1280 1308 444444444
1298 1241 1336 1306 44
1354 1239 1509 1320 44444444
1525 1240 1563 1306 de
1578 1240 1756 1314 4444444444,
1774 1240 1946 1306 4444444444
1963 1242 2003 1304 de

621 1337 735 1418 l’lglise
747 1336 992 1419 metropoliteine
1005 1340 1043 1404 de
1056 1341 1151 1421 lyon,
1165 1341 1234 1404 230.
1681 1403 1684 1406 .

583 1435 631 1496 44.
654 1467 696 1484 -
708 1435 790 1500 44444
804 1437 893 1500 4448.
910 1467 951 1506 2-
964 1437 1079 1500 Leltres
1098 1451 1155 1515 per
1168 1430 1329 1514 lesquelles
1348 1435 1502 1513 flugueee
1524 1433 1664 1498 deceiel
1682 1440 1712 1498 et
1729 1434 1837 1499 44444
1856 1439 1887 1497 44
1908 1435 2002 1499 Guil-

621 1529 724 1594 444444
742 1531 781 1594 de
799 1529 895 1608 Chiel,
916 1547 964 1594 see
981 1529 1042 1605 444,
1054 1521 1282 1608 4444444444444
1298 1531 1377 1596 tenir
1399 1546 1438 1596 44
1460 1529 1514 1596 444
1530 1530 1574 1596 44
1592 1534 1766 1596 monestere
1784 1529 1912 1612 d'Ainay
1932 1526 2002 1595 tout

622 1641 656 1690 44
666 1625 755 1706 qu’ils
770 1628 933 1707 possedeat
942 1627 1018 1690 dens
1032 1625 1062 1690 le
1075 1628 1206 1692 44444444
1217 1633 1248 1690 et
1256 1626 1455 1692 mendement
1469 1626 1508 1692 de
1521 1625 1849 1706 ehueyellzergees,
1865 1631 1934 1690 434.

559 1725 564 1736 ’
582 1724 630 1784 44.
652 1754 694 1768 -
706 1724 781 1787 lein
792 1727 881 1789 4485.
892 1739 933 1772 -4-
949 1725 1034 1790 Prlee
1045 1741 1085 1788 en
1096 1725 1196 1789 lescle
1210 1723 1325 1805 l’eglise
1337 1724 1375 1787 de
1387 1726 1481 1804 Lyen,
1498 1741 1555 1804 par
1571 1723 1708 1804 Geigues
1727 1725 1766 1790 <le
1780 1726 1867 1798 Suro,
1884 1725 2009 1788 eleva-⁹
2090 1724 2097 1736 “

622 1819 689 1894 liet,
700 1819 738 1884 de
751 1837 786 1884 44
800 1819 874 1902 qu'il
886 1821 1125 1902 pessedeitdens
1144 1823 1174 1886 44
1191 1821 1275 1886 44444
1289 1823 1331 1886 44
1345 1819 1529 1895 4444444444,
1543 1821 1612 1884 434.

582 1920 630 1980 le.
655 1917 778 1981 lenvier
793 1920 882 1981 4344.
895 1953 935 1964 -
950 1919 1018 1980 «Le
1031 1905 1170 1998 ehepitre
1183 1917 1333 1982 44444444
1343 1915 1600 1981 eommunieelion
1610 1918 1629 1979 4
1640 1918 1856 1996 Moneelgneur
1868 1918 1999 1981 4444444-

485 2001 490 2010 ’
620 2017 717 2094 44444
731 2015 773 2078 44
787 2017 876 2080 444444
889 2013 964 2096 qu'il
979 2015 1060 2079 44444
1073 2016 1126 2079 leit
1134 2031 1207 2080 4444
1221 2015 1276 2080 des
1288 2016 1422 2094 eileyens
1433 2014 1471 2080 de
1480 2014 1574 2092 lyon,
1591 2026 1606 2074 4
1621 2013 1691 2078 436.
1829 2032 1832 2038 ·

581 2113 630 2173 50.
653 2143 694 2160 --
706 2111 780 2176 lein
795 2113 883 2176 4348.
900 2147 941 2160 -
953 2112 1152 2178 4444444444
1169 2111 1289 2178 4444444
1314 2126 1371 2192 per
1387 2108 1562 2174 Guilleume
1579 2109 1618 2174 de
1634 2111 1813 2187 Reehelert,
1838 2112 1938 2200 doyen
1958 2112 1999 2174 de

619 2203 736 2286 l'eelise
748 2207 993 2289 metropolitane
1005 2206 1044 2272 de
1061 2209 1154 2288 lyon,
1174 2211 1279 2274 44444
1296 2207 1335 2272 de
1350 2207 1505 2284 44444444,
1522 2206 1674 2270 44444444
1690 2206 1729 2271 44
1745 2207 1947 2282 4444444444,
1965 2215 1997 2270 44

618 2305 637 2366 4
659 2303 778 2384 Piero,
803 2309 876 2374 4444
896 2305 934 2372 44
957 2303 1085 2379 444444,
1112 2320 1192 2385 pour
1215 2303 1373 2372 examinet
1399 2301 1445 2370 les
1468 2301 1628 2370 44444444
1657 2301 1687 2366 44
1710 2303 1878 2382 4444444444
1904 2304 1995 2368 4444ι
2070 2331 2079 2352 ·

617 2400 731 2478 44444,
747 2403 817 2476 434.
1652 2433 1655 2440 ·
