4314 6058
465 847 524 908 228
981 844 1088 906 rr'ecss
1109 857 1363 906 susurrorruss.

462 977 618 1040 voluumte
631 975 843 1056 adimplende;
859 981 889 1039 et
902 989 978 1053 rogo
991 973 1150 1038 dominum
1170 973 1302 1038 electum
1318 973 1553 1054 Lugdunensem
1574 981 1609 1038 ut
1628 974 1752 1044 eosdem
1765 990 1879 1040 execu-

463 1081 542 1138 tores
564 1089 649 1137 meos
670 1073 708 1136 ad
730 1074 810 1136 banc
828 1089 930 1136 meam
956 1071 1097 1136 ultimam
1116 1071 1305 1138 voluntatem
1326 1075 1538 1153 exequendam
1560 1075 1656 1154 juret,
1686 1079 1826 1156 proteget
1847 1079 1878 1138 et

460 1170 613 1245 defendat,
629 1170 818 1234 utelleetum
836 1169 1039 1234 desideratum
1059 1175 1091 1232 et
1107 1168 1246 1232 debitum
1269 1169 1427 1234 sorciatur.
1448 1170 1619 1234 Pocibeatis
1634 1171 1740 1250 itaque
1759 1165 1878 1234 clamo-

460 1269 546 1332 ribus
563 1269 641 1332 meis
656 1274 686 1332 et
704 1268 815 1331 debitis
833 1267 910 1330 meis
927 1264 1099 1348 persolutis,
1123 1265 1236 1346 siquid
1255 1265 1414 1332 residuum
1433 1265 1481 1340 vel
1497 1267 1664 1332 indivisum
1681 1267 1873 1342 remanserit,

458 1363 645 1445 pauperibus
659 1363 771 1428 Christi
782 1362 918 1443 precipio
929 1363 1059 1441 erogari,
1068 1369 1099 1425 ct
1109 1362 1192 1442 ipsos
1207 1377 1356 1442 pauperes
1365 1363 1460 1426 miebi
1474 1361 1604 1427 heredes
1615 1362 1753 1428 instituo.
1763 1363 1796 1426 Si
1806 1364 1876 1442 quis

457 1467 561 1525 autem
574 1467 680 1524 contra
698 1461 779 1522 banc
797 1475 898 1522 meam
921 1457 1062 1522 ultimam
1082 1457 1270 1522 voluntatem
1290 1457 1394 1520 venire
1417 1459 1646 1539 presumpserit,
1673 1460 1822 1540 quicquid
1844 1462 1873 1524 ei

456 1557 556 1638 legari
567 1559 595 1622 ei
609 1559 714 1620 antero
733 1563 763 1620 et
779 1557 811 1619 in
831 1556 897 1636 pios
908 1572 983 1618 usus
997 1572 1052 1634 pro
1066 1554 1164 1618 salute
1176 1554 1279 1618 anime
1292 1569 1360 1616 mee
1374 1555 1510 1634 precipio
1523 1555 1654 1634 erogari.
1670 1558 1759 1618 Hanc
1770 1563 1872 1622 sutem

456 1653 597 1717 ultimam
607 1651 795 1716 voluntatem
810 1667 911 1714 meam
925 1649 1024 1714 solam
1040 1649 1280 1714 etunicemvolo
1292 1650 1456 1730 procedere
1466 1651 1607 1714 etrelere
1617 1651 1687 1730 jure
1700 1653 1872 1717 testamenti

454 1751 489 1814 in
503 1751 643 1830 scriptis;
659 1755 689 1813 et
703 1750 729 1812 si
747 1765 809 1812 non
824 1747 905 1812 valet
920 1749 991 1828 jnre
1005 1749 1175 1812 testamenti
1193 1749 1373 1828 inscriptis,
1393 1748 1463 1812 rolo
1480 1749 1562 1830 quod
1577 1747 1677 1812 valeat
1687 1749 1759 1828 jnre
1776 1753 1872 1814 lesta-

455 1847 551 1912 menti
572 1845 769 1926 nuncupativi
780 1843 826 1907 uel
841 1843 1064 1918 codicillorum,
1076 1843 1140 1906 sire
1162 1844 1231 1922 jure
1251 1843 1413 1922 cujuslibet
1426 1842 1551 1910 alenus
1565 1843 1673 1908 ultime
1686 1842 1867 1919 voluntaris

453 1948 485 2006 et
496 1943 522 2006 si
536 1959 597 2006 non
611 1940 691 2005 valet
705 1941 873 2004 secundum
888 1939 981 2019 leges,
997 1937 1066 2002 uolo
1079 1939 1161 2018 quod
1174 1937 1272 2002 valeat
1284 1938 1452 2004 smundum
1461 1940 1624 2004 canonicas
1637 1939 1822 2014 sanctionem
1839 1947 1870 2004 et

453 2039 479 2100 si
501 2053 595 2120 quom
615 2038 707 2101 aliam
728 2037 869 2099 ultimam
887 2025 1072 2098 uoluntatem
1093 2051 1145 2098 seu
1169 2040 1384 2100 testamentum
1401 2036 1459 2100 leci
1482 2037 1570 2111 alias,
1589 2037 1689 2116 ipsam
1703 2052 1822 2112 revoco,
1837 2044 1868 2100 et

452 2140 625 2213 presentem
644 2133 874 2214 dispositionem
892 2147 992 2196 meam
1006 2131 1102 2194 solam
1121 2121 1151 2196 c't
1173 2131 1296 2194 ciuicam
1316 2129 1386 2196 uolo
1407 2131 1516 2209 uslere,
1534 2139 1625 2214 prout
1638 2132 1741 2196 ualere
1754 2131 1865 2196 melius

450 2232 571 2310 poterit.
588 2233 675 2310 Rogo
693 2235 795 2292 autem
810 2235 926 2308 septem
949 2234 1038 2291 testes
1054 2234 1208 2316 presentes
1230 2243 1292 2292 uuo
1306 2233 1462 2292 cumtextu
1483 2235 1518 2292 ut
1535 2229 1568 2292 in
1587 2230 1646 2292 bac
1666 2245 1737 2292 mea
1756 2227 1866 2294 ultima

450 2327 650 2408 dispositione
664 2325 766 2405 sigilla
779 2343 835 2388 sna
847 2331 1003 2406 apponant
1018 2333 1049 2388 et
1063 2326 1288 2406 subseripbsnt.
1311 2325 1451 2406 Preeipio
1464 2331 1567 2390 sutem
1584 2331 1614 2390 ot
1627 2341 1772 2406 expresse
1791 2344 1865 2407 pro-

449 2424 542 2488 bibeo
561 2440 600 2487 ne
618 2422 746 2503 predicti
765 2428 940 2486 executores
959 2422 1019 2486 mei
1036 2428 1199 2485 teneantur
1216 2421 1345 2486 reddere
1369 2421 1519 2484 rationem
1539 2422 1603 2486 sive
1624 2429 1803 2502 compotum
1824 2423 1864 2486 de

447 2519 537 2583 bonis
558 2519 636 2582 meis
655 2522 686 2582 et
704 2518 977 2580 administrationis
998 2519 1146 2597 ipsorum,
1164 2524 1194 2581 et
1213 2518 1318 2582 omnia
1336 2517 1417 2582 bona
1438 2532 1509 2580 mea
1529 2519 1688 2597 presencie
1709 2525 1741 2583 et
1760 2520 1864 2584 futore

447 2616 531 2692 lidei,
552 2615 678 2680 arbitrio
698 2620 728 2678 et
745 2613 895 2678 voluntati
919 2614 1070 2678 dictorum
1092 2620 1289 2678 executurum
1314 2629 1456 2678 meomm
1479 2613 1528 2677 vel
1546 2613 1672 2678 alterius
1696 2631 1815 2690 eorum,
1835 2618 1862 2680 si

445 2710 499 2775 alii
512 2713 662 2776 interesse
676 2727 738 2774 non
756 2718 879 2792 possent
892 2717 945 2774 aut
959 2711 1083 2785 nollent,
1095 2711 1218 2784 cornito,
1241 2711 1409 2774 secundum
1422 2709 1505 2790 quod
1517 2711 1659 2790 superius
1673 2719 1720 2776 est
1733 2729 1861 2794 expres·

445 2825 525 2885 snm,
551 2807 692 2888 petenda,
714 2807 876 2887 exigenda,
902 2805 1087 2886 recipienda,
1107 2805 1252 2870 solvenda
1269 2812 1299 2869 et
1314 2805 1502 2869 restituenda
1521 2821 1578 2886 per
1590 2813 1767 2874 executores
1787 2827 1860 2890 pra-

444 2905 551 2980 dictus,
564 2909 657 2984 prout
667 2904 808 2984 superius
823 2903 1005 2966 continetur.
1021 2902 1130 2965 Actum
1143 2909 1174 2965 et
1187 2902 1293 2965 datum
1306 2919 1388 2966 anno
1398 2907 1428 2966 ot
1439 2902 1535 2966 diem
1545 2919 1649 2983 snpra.

482 3001 547 3078 Lgo
559 2999 780 3075 Gaudemerus,
796 2998 980 3063 munerarius
993 2997 1215 3076 Lugdunensis,
1231 3003 1365 3072 testator,
1380 2998 1453 3062 buic
1466 3001 1602 3078 presenti
1621 2998 1730 3064 ultime
1745 3001 1857 3066 volun-

442 3095 496 3159 tati
515 3111 584 3160 mee
596 3093 734 3174 sigillum
755 3109 859 3158 meum
873 3093 1003 3174 apposui
1023 3100 1053 3156 et
1070 3093 1249 3173 subscripsi,
1265 3100 1296 3156 et
1313 3094 1418 3173 rogavi
1432 3099 1524 3158 testes
1537 3100 1572 3158 ut
1586 3096 1812 3164 subscriberent
1824 3106 1857 3163 et

442 3189 650 3270 sigillaverunt
660 3197 691 3254 et
704 3191 792 3270 signa
802 3207 857 3254 sua
868 3191 1011 3253 fecerent.

481 3287 545 3365 Ego
558 3285 728 3350 Chatardus
748 3285 957 3362 Cbamarcins,
972 3290 1099 3363 rogetus
1116 3290 1301 3359 amstemre,
1318 3284 1487 3366 subscripsi
1498 3292 1528 3351 et
1541 3287 1658 3366 signavi
1671 3293 1703 3352 et
1715 3289 1852 3370 sigillum

440 3398 547 3446 meum
560 3382 701 3463 opposui.

278 3458 283 3468 ¹
386 3479 389 3485 “
478 3481 543 3560 rgo
564 3477 739 3544 Dalmatius
762 3476 892 3552 Morelli,
916 3477 1075 3560 presbiter,
1090 3483 1247 3555 rogatusa
1267 3482 1419 3553 testatore,
1441 3478 1608 3561 subscripsi
1630 3485 1661 3544 et
1684 3481 1800 3560 signavi
1824 3489 1854 3544 et
1955 3565 1958 3571 Α

440 3577 578 3658 sigillum
591 3593 696 3643 meum
706 3577 848 3658 apposui.

477 3677 543 3756 Ego
560 3673 681 3738 donnus
702 3677 809 3738 Petrus
831 3673 929 3736 dictus
943 3673 1101 3745 Monacus,
1117 3677 1218 3735 custos
1235 3669 1363 3736 ecclesie
1384 3675 1493 3738 Sancte
1507 3673 1612 3738 crucis
1626 3671 1850 3752 Lugdunensis,

437 3777 562 3852 rogatus
575 3787 595 3834 a
608 3775 762 3845 testatore,
779 3767 947 3848 subscripsi
959 3773 990 3832 et
1000 3768 1118 3848 signavi
1129 3773 1159 3831 et
1168 3765 1305 3847 sigillum
1319 3770 1460 3848 apposui.

477 3869 541 3947 Ego
565 3865 711 3945 magister
733 3861 965 3929 bartholomeus
988 3863 1026 3929 do
1048 3862 1283 3945 nonulupelu,
1308 3871 1431 3944 rogabis
1453 3881 1474 3928 a
1497 3869 1651 3940 testatmo,
1682 3866 1848 3947 subscripsi

437 3963 554 4043 signavi
564 3967 596 4026 et
605 3959 743 4042 sigillum
757 3975 862 4026 meum
875 3962 1016 4043 apposui.

475 4061 539 4138 ugo
557 4057 713 4122 Ysuardus
736 4057 774 4122 de
785 4059 879 4133 Brun,
895 4057 1060 4120 canonicus
1074 4055 1299 4137 Lugdunensis,
1313 4053 1474 4136 rogatusa
1495 4061 1645 4133 moeurs,
1667 4056 1846 4137 subscripsi,

435 4155 566 4236 sigillari
575 4160 605 4219 et
618 4154 752 4219 interfui.

474 4253 537 4332 ligo
556 4251 650 4362 baleo
668 4251 706 4315 de
719 4253 808 4332 Rupe
827 4250 921 4326 berti,
941 4255 1066 4314 vocabu
1085 4255 1116 4313 et
1133 4255 1258 4330 rogetus
1277 4265 1296 4312 a
1318 4255 1471 4324 testatore,
1485 4247 1611 4314 intertui
1635 4248 1799 4329 subscripsi
1815 4255 1849 4312 et

433 4345 694 4604 sfggggvggmmu,
715 4443 754 4507 de
771 4443 899 4520 tanesia,
917 4449 1043 4525 rogetus
1065 4449 1097 4507 et
1112 4449 1236 4508 vocetm
1253 4457 1273 4505 a
1290 4447 1443 4520 testatore,
1470 4415 1595 4507 interfui
1621 4443 1786 4524 subscripsi
1813 4450 1845 4507 et

432 4557 491 4622 srgr
516 4555 576 4606 au.

698 4639 871 4806 (ονὶρὲἑιῦαἰ.
890 4677 943 4804 -2
952 4643 1102 4821 lmhim
1125 4643 1169 4707 du
1196 4637 1315 4719 ntem,
1343 4643 1489 4710 immolre
1513 4651 1609 4730 Aper,
1635 4643 1802 4722 coluruo2,

767 4760 789 4824 p
836 4751 906 4807 eas
945 4789 952 4804 .
