4314 6058
766 860 871 932 orbans
894 875 1146 926 rusrrrrcsrruns,
1603 867 1661 930 175

245 993 328 1058 cium
342 1000 413 1058 ante
427 993 612 1074 presentiam
624 992 730 1057 domni
751 993 899 1068 hubaldi,
917 993 1135 1075 archipresulis
1148 995 1372 1076 Lugdunensis,
1388 1002 1418 1060 et
1431 997 1604 1078 judicatum
1619 1008 1665 1065 est

240 1095 281 1152 ’11
297 1089 388 1171 Hyllo
406 1089 565 1153 exhiberet
585 1088 738 1168 legitimos
756 1089 899 1154 11111111
918 1087 1068 1160 violencia
1085 1097 1116 1154 11
1138 1091 1264 1170 querele
1279 1106 1373 1170 quam
1388 1093 1541 1158 canonicis
1560 1096 1663 1160 Sancti

245 1187 333 1252 Pauli
354 1188 512 1262 hulcrebat,
528 1191 560 1250 et
577 1186 693 1250 exibuit
715 1184 905 1250 Willelmum
924 1187 962 1251 de
981 1191 1164 1254 Fonhneaio
1186 1195 1218 1254 et
1240 1190 1409 1256 Ebraldum
1429 1191 1468 1257 de
1490 1195 1579 1272 Ri...,
1595 1197 1661 1276 qui,

246 1303 321 1366 qum
334 1285 512 1348 infirmitate
531 1283 671 1348 delemus
686 1286 788 1348 venire
802 1302 866 1350 non
881 1287 989 1366 potuit,
1006 1287 1121 1366 legatos
1146 1305 1219 1352 anos
1245 1304 1302 1368 pro
1319 1306 1351 1353 ee
1366 1291 1466 1364 mislt3
1485 1307 1617 1373 cumque
1630 1295 1663 1358 in

247 1381 403 1472 presentia
415 1380 523 1460 prelati
543 1381 696 1458 pontificis
715 1387 746 1444 11
758 1382 844 1445 curio
858 1383 923 1461 ejus
945 1385 1168 1459 convenissent,
1183 1383 1365 1450 vuillelmus
1380 1385 1561 1452 videlicetet
1572 1389 1663 1470 legati

246 1477 381 1554 Ebreldi,
394 1475 615 1554 prehibuerunt
626 1476 834 1540 testimonium
844 1477 927 1557 quod
939 1480 1172 1560 paterHylionis
1182 1481 1350 1561 ruirpierat
1361 1483 1448 1560 beato
1456 1484 1551 1549 Paulo
1565 1486 1663 1567 malas

246 1573 492 1646 consuetudines,
509 1589 586 1652 quas
601 1570 693 1652 Hyllo
714 1589 897 1652 recuperare
917 1574 1088 1648 nitebatur;
1113 1575 1195 1639 unde
1208 1576 1378 1655 judicatum
1401 1585 1447 1642 est
1468 1588 1503 1644 ut
1525 1597 1544 1643 a
1569 1583 1662 1646 modo

248 1672 340 1752 Hyllo
358 1675 458 1733 tanam
477 1671 599 1732 hrmem
615 1684 721 1748 pacem
740 1670 775 1732 in
795 1669 931 1732 ecclesiis
952 1675 981 1733 et
1005 1670 1094 1734 terris
1116 1671 1219 1734 811111
1238 1672 1337 1749 Pauli,
1358 1674 1527 1753 quodnisi
1545 1678 1660 1753 lecerit,

169 1749 176 1776 ‘
249 1766 380 1840 obsides,
397 1781 474 1844 quos
487 1764 570 1826 misit
581 1763 613 1826 in
631 1779 727 1827 manu
742 1765 893 1844 Hugonis,
909 1764 1027 1828 abbatia
1039 1767 1141 1830 Sancti
1157 1769 1250 1842 Justi,
1268 1767 1300 1830 id
1314 1775 1359 1832 est
1372 1769 1524 1836 arnaldus
1536 1775 1662 1854 1111111-

250 1880 307 1926 nus
317 1868 348 1924 11
355 1861 529 1940 Stephanus
537 1859 574 1922 de
584 1861 718 1924 lisciaco
730 1865 759 1923 et
766 1861 897 1924 Poncius
907 1861 1057 1936 contrari,
1066 1871 1230 1942 postquam
1237 1867 1435 1944 cognoverint
1443 1867 1659 1948 inceptionem,

250 1958 376 2020 redeant
389 1961 419 2019 et
431 1955 503 2018 inde
514 1971 577 2018 non
589 1961 707 2030 exeant,
722 1957 820 2019 donec
835 1953 927 2036 Hyllo
941 1957 1022 2037 quod
1034 1957 1115 2022 mele
1131 1967 1252 2039 ceperat
1269 1961 1411 2025 derebus
1425 1963 1604 2030 beatiPauli
1622 1967 1662 2029 ad

121 2049 124 2058 '
251 2053 407 2130 integrum
429 2052 583 2114 canonicis
606 2051 680 2132 ejus?
696 2052 848 2128 restituat,
874 2058 907 2115 et
933 2053 976 2116 sic
1006 2069 1130 2134 semper
1156 2055 1377 2136 prolongentur
1406 2057 1528 2124 obsides
1553 2062 1662 2126 eodem

253 2156 348 2228 pacto.
399 2183 404 2194 ·

497 2223 668 2310 (Oripr'uul.
683 2259 721 2274 —-
737 2223 951 2309 citt-tortoque
965 2227 1002 2292 da
1014 2233 1111 2312 Lgou,
1130 2225 1293 2295 collectiore
1307 2233 1407 2308 Cocta,
1419 2245 1456 2296 o⁰
1468 2245 1502 2307 Α,
1514 2236 1619 2312 1977.)

254 2675 411 2764 barbarea
438 2677 586 2744 occordc'a
610 2695 675 2762 por
702 2673 730 2740 la
755 2673 896 2760 chapitre
920 2677 956 2742 dc
985 2675 1102 2760 t’cpttaa
1127 2675 1393 2762 metropolitains,
1420 2695 1484 2740 our
1510 2676 1664 2759 retipieue

292 2774 436 2858 ddiaoy,
460 2772 553 2839 duae
566 2773 673 2856 pcrtr'c
695 2771 739 2838 du
761 2791 833 2836 caros
851 2768 946 2856 qu'c'ls
966 2771 1109 2838 devolant
1129 2773 1148 2836 d
1169 2773 1282 2839 111111
1306 2775 1343 2839 dc
1359 2771 1476 2859 l'c'qlc'se
1497 2773 1534 2838 dc
1552 2772 1663 2836 Saint-

294 2877 440 2934 tuorem.

920 3017 1006 3077 titt.

293 3171 436 3234 Noreriut
449 3175 513 3233 11111
526 3177 681 3250 presentes
693 3185 786 3252 quam
798 3169 893 3234 111111·
907 3169 1044 3238 donnum
1055 3172 1233 3248 Aniensem,
1246 3173 1481 3254 Lugdunensem
1494 3173 1664 3254 archiepis-

256 3281 376 3348 copum,
398 3263 454 3346 per
467 3283 594 3330 manum
618 3265 766 3348 Stephani
781 3264 818 3328 de
836 3265 997 3342 candiaco,
1013 3267 1221 3331 archidiaconi
1240 3269 1299 3344 sui,
1319 3269 1480 3333 ecclesiam
1497 3270 1536 3334 de
1554 3273 1665 3333 Sancto

256 3363 417 3426 Laurentio
440 3363 575 3442 Hugoni,
600 3362 817 3427 Atthnnacensi
839 3361 957 3436 abbati,
976 3362 1173 3444 ejusdemque
1193 3363 1251 3428 loci
1274 3364 1420 3427 fratribus
1441 3365 1515 3428 olim
1534 3365 1663 3438 dedisse,

257 3473 347 3537 quam
361 3457 420 3534 sub
429 3457 489 3521 hoc
502 3475 596 3522 censu
611 3461 802 3537 acceperunt,
822 3462 857 3518 ut
869 3456 902 3519 ln
915 3457 964 3520 die
974 3457 1090 3521 Pascha
1103 3465 1133 3520 et
1142 3459 1175 3520 in
1194 3457 1268 3521 lecto
1279 3458 1381 3522 Sancti
1396 3458 1550 3520 Laurentii
1564 3458 1666 3522 domi-

256 3571 311 3617 nos
330 3554 547 3632 Lugdunenses
571 3555 604 3618 in
631 3553 790 3617 refectorio
814 3559 1023 3632 procurarent.
1054 3557 1145 3618 Hunc
1166 3570 1292 3620 censum
1317 3554 1445 3636 predicti
1466 3556 1575 3618 tratres
1601 3555 1667 3618 sine
1734 3603 1737 3611 ,

183 3703 185 3714 ,
256 3648 381 3730 querela
400 3647 498 3713 multo
516 3656 653 3730 tempore
674 3647 883 3712 reddiderunt.
903 3649 1010 3712 Postea
1029 3667 1100 3714 vero
1118 3651 1229 3714 accidit
1244 3651 1327 3732 quod
1338 3651 1443 3716 eadem
1456 3649 1583 3716 ecclesia
1596 3669 1667 3720 cum

256 3745 443 3827 appendiciis
455 3748 530 3822 suis,
551 3743 670 3810 bellicis
685 3745 913 3826 tempestatibus
927 3751 957 3808 et
972 3743 1040 3808 aliis
1060 3747 1192 3810 fortuitis
1204 3749 1336 3824 casibus,
1352 3748 1415 3812 lere
1429 3749 1581 3814 destructa
1594 3757 1625 3814 et
1635 3752 1667 3814 in

257 3842 451 3908 solitudinem
474 3842 597 3905 redacta
614 3841 669 3918 sit,
686 3842 727 3904 ob
746 3841 805 3904 hoc
827 3841 936 3920 prelati
956 3841 1074 3918 tratres,
1089 3859 1160 3906 cum
1171 3843 1205 3906 in
1223 3843 1377 3909 reddendo
1391 3862 1482 3910 censu
1503 3847 1668 3910 enormiter

258 3943 454 4017 gravarentur
467 3945 497 4001 et
511 3938 643 4018 amplius
656 3938 805 4000 sustinere
820 3952 883 4000 nou
901 3945 1035 4017 possent,
1057 3939 1156 4018 ipsam
1174 3939 1335 4004 ecclesiam
1348 3941 1381 4003 in
1395 3941 1528 4022 capitulo
1543 3941 1668 4021 Lugdu-

256 4037 344 4100 nensi
355 4035 583 4116 mboquerunu
598 4051 694 4114 quam
713 4033 841 4114 predicti
855 4033 973 4098 domini
989 4037 1125 4116 recipere
1138 4033 1313 4112 noluerunt,
1329 4035 1383 4100 sed
1405 4038 1510 4102 multis
1526 4037 1668 4118 precibus

257 4132 423 4212 mulasque
437 4131 686 4212 persuasionibus
700 4131 750 4193 uin
762 4129 802 4194 ab
821 4133 963 4210 hugone,
981 4129 1100 4205 abbata,
1114 4135 1173 4194 eta
1190 4130 1336 4194 1111111111
1351 4131 1491 4196 obtinere
1505 4140 1671 4214 potuerunt

257 4236 292 4292 nt
304 4242 400 4309 quam
420 4224 631 4307 relinquerant
643 4231 871 4307 recuperarent.
892 4229 986 4290 Poma
1004 4226 1070 4304 jam
1088 4224 1203 4290 dictum
1221 4241 1358 4302 censum,
1383 4227 1437 4306 qui
1453 4243 1506 4294 ecs
1519 4229 1671 4296 inmodice

257 4329 446 4402 paraverat,
463 4321 515 4385 tali
527 4319 619 4385 modo
629 4319 778 4386 moderati
787 4327 868 4397 sunt,
881 4326 917 4384 11
930 4337 986 4402 pro
998 4321 1105 4384 diebus
1116 4321 1235 4386 duobus
1244 4323 1322 4388 LXV
1335 4321 1449 4386 solidos
1458 4325 1672 4407 Lugdunensis

256 4425 390 4496 11111111,
412 4419 450 4484 11
470 4419 664 4483 relectionem
684 4418 717 4486 in
736 4418 785 4482 die
800 4419 916 4490 Posch'e
935 4417 1114 4494 taciendam,
1133 4419 1264 4500 singulis
1279 4421 1367 4484 annis
1383 4427 1569 4502 prestarent;
1589 4425 1672 4490 hunc

258 4532 384 4582 censum
400 4517 553 4596 predictus
573 4517 678 4592 abbas,
704 4515 902 4608 tendentibus
919 4513 1065 4578 tratribus
1083 4517 1157 4594 suis,
1179 4533 1236 4598 pro
1246 4518 1311 4596 jam
1335 4518 1416 4584 dicta
1436 4519 1565 4586 ecclesia
1588 4521 1674 4588 omni

259 4629 340 4676 anuo
354 4613 496 4676 convenit
509 4619 655 4692 perpetuo
670 4611 809 4688 reddere,
826 4616 963 4675 cessante
976 4611 1061 4674 omni
1079 4613 1248 4677 occasione.
1268 4617 1392 4678 Factum
1407 4621 1454 4680 eet
1464 4615 1525 4682 hoc
1538 4633 1594 4698 pm
1603 4635 1673 4683 me-

260 4723 334 4771 num
360 4707 487 4772 Berordi
510 4707 549 4770 de
570 4709 680 4782 Pissia,
706 4707 824 4781 decani,
850 4722 905 4770 nec
931 4721 994 4770 non
1019 4713 1050 4770 et
1070 4709 1183 4784 Girlni,
1200 4710 1318 4774 abbatis
1340 4719 1370 4777 et
1392 4716 1568 4794 camerarii,
1591 4717 1674 4782 Petri

261 4803 398 4881 iterandi,
413 4805 557 4880 cantoris,
573 4805 654 4870 Petri
668 4804 837 4880 1111111111,
852 4804 1002 4883 magistri,
1019 4807 1099 4868 Petri
1114 4805 1152 4870 de
1166 4808 1276 4872 Sancto
1294 4810 1440 4888 Prcjecto,
1456 4813 1599 4878 laudante
1610 4821 1674 4878 toto

261 4901 396 4984 capitulo
408 4899 617 4980 augaunensi.
635 4899 687 4964 Hii
701 4915 809 4964 omnes
823 4899 904 4964 hanc
918 4905 1033 4963 cartam
1048 4901 1115 4964 lieri
1125 4901 1283 4981 jusserunt
1296 4910 1326 4966 ot
1338 4921 1406 4968 eam
1427 4908 1528 4986 sigillo
1549 4907 1675 4973 ecclesia

262 4999 469 5064 muniuerunt.
494 4997 641 5062 laudauit
666 5003 697 5103 et
721 4997 779 5060 hoc
803 4994 924 5060 donnus
950 4995 1157 5072 (dulchardus,
1180 4997 1394 5076 Lugdunensis
1413 5003 1671 5084 archiepiscopus,
