4314 6058
629 2276 865 2406 rrhcns-
892 2297 1404 2404 JUSllilClTIVES.

1008 3111 1031 3163 1

311 3263 471 3343 Ispemml
489 3259 595 3326 rendre
611 3279 650 3328 co
674 3262 787 3344 foccos
809 3261 864 3328 des
883 3259 1054 3328 ehuooioes
1077 3261 1114 3326 dc
1136 3257 1252 3344 lfdplosc
1273 3258 1466 3324 solut-Paul
1488 3257 1526 3322 dc
1545 3265 1631 3339 lyon
1660 3274 1721 3339 por·

757 3363 895 3444 Hupucs,
920 3358 1030 3442 deeque
1047 3357 1084 3422 de
1112 3354 1272 3423 Gccooble.

923 3509 1109 3572 llos-llio.
1185 3533 1188 3542 ¹

351 3665 395 3726 lle
405 3661 559 3729 discordia
572 3682 632 3747 qno
650 3668 732 3732 inter
743 3669 906 3733 canonicos
921 3667 1024 3732 sancti
1037 3664 1126 3733 Peuli
1138 3671 1169 3730 el
1181 3663 1307 3730 clericos
1324 3665 1362 3728 de
1375 3663 1518 3744 hospitali
1534 3661 1720 3737 versabatur,

309 3764 452 3841 precepto
465 3759 573 3826 domni
589 3764 763 3840 Joceronni,
779 3762 994 3846 Lugdunensis
1011 3759 1242 3843 archipresulis,
1265 3760 1336 3825 lecit
1352 3759 1412 3822 lule
1426 3758 1578 3838 judicium
1592 3756 1723 3821 domnus

309 3855 410 3934 liupo,
435 3856 618 3922 venerabilis
642 3859 806 3941 episcopus
831 3855 1151 3939 Gratianopolitenus‚
1175 3853 1306 3920 oonsilio
1334 3869 1496 3935 procerum
1518 3859 1549 3916 et
1570 3855 1724 3934 majorum

308 3949 519 4030 Lugdunensis
542 3954 682 4032 ecclesie,
709 3955 870 4037 notumque
895 3953 1045 4036 precepit,
1074 3969 1114 4016 no
1136 3951 1280 4032 deinceps
1303 3965 1440 4015 errorem
1460 3949 1591 4032 quilibet
1617 3963 1724 4013 eorum

309 4046 487 4127 ignoranter
499 4047 646 4114 incurius.
660 4050 836 4116 Judiostum
845 4055 892 4116 est
902 4048 1056 4116 neclerici
1067 4048 1106 4112 de
1119 4047 1265 4128 hospioch
1279 4053 1457 4128 presumunt
1469 4063 1488 4110 a
1499 4045 1591 4111 modo
1601 4045 1725 4128 pulsare

311 4143 434 4224 signum
454 4141 496 4208 od
512 4145 688 4222 motudnes,
712 4161 770 4211 neo
790 4151 894 4228 portes
910 4145 1041 4227 aperire,
1061 4143 1159 4214 donec
1176 4141 1259 4224 apud
1276 4145 1421 4206 sonetum
1441 4143 1571 4207 Paulum
1586 4143 1726 4224 pulsetur

297 4238 438 4320 ,signnm
457 4239 679 4306 matutinorum
693 4240 835 4316 loudum;
851 4241 879 4304 si
896 4255 979 4317 vero,
995 4237 1107 4304 clausis
1119 4237 1222 4316 januis
1241 4242 1273 4300 et
1289 4251 1351 4301 non
1365 4235 1486 4318 pulsolo
1504 4237 1603 4320 signo,
1623 4245 1727 4304 motu-

311 4335 390 4400 liocs
401 4340 474 4400 ente
484 4335 638 4402 soluerint
655 4343 790 4416 contere,
809 4337 843 4402 in
854 4348 963 4402 eorum
974 4336 1032 4401 erit
1050 4333 1187 4398 arbitrio.
1204 4333 1328 4399 llissem
1341 4337 1443 4398 cutem
1461 4350 1549 4399 suom
1568 4351 1631 4399 non
1647 4335 1728 4400 inci-

312 4432 398 4513 piunt
408 4431 505 4498 donec
518 4433 645 4499 liniatur
656 4434 751 4499 misso
764 4431 954 4499 matutinalis
971 4432 1011 4496 od
1029 4433 1175 4496 sunctum
1192 4429 1335 4508 Paulum,
1352 4446 1413 4512 que
1431 4437 1533 4497 hmon
1548 4431 1727 4512 hujusmodi

276 4589 279 4598 .
313 4523 471 4592 suessione
482 4543 644 4611 nunquam
656 4529 826 4596 dihemtcr.
846 4529 1071 4596 Porrochienos
1085 4529 1190 4594 Sancti
1201 4527 1300 4606 Pauli,
1315 4525 1364 4593 vel
1383 4543 1434 4592 eos
1445 4529 1500 4609 qui
1517 4513 1551 4592 in
1566 4530 1729 4610 parrochia

313 4625 415 4689 Scncli
433 4623 523 4690 Peuli
539 4627 814 4692 commoruhnnhrr
831 4624 878 4690 vel
898 4625 1146 4708 hospitabuntur,¹
1166 4639 1228 4688 non
1247 4631 1427 4710 presumunt
1439 4624 1580 4690 infirmos
1593 4627 1726 4704 visitare,

311 4719 359 4785 rol
371 4725 511 4785 mortuos
520 4719 662 4804 sepelire,
674 4722 735 4788 nisi
748 4721 818 4787 illos
827 4721 866 4787 de
885 4719 1041 4802 hospitali.
1062 4721 1185 4786 Eisdem
1201 4721 1412 4801 parrochianis
1429 4721 1479 4786 vel
1490 4723 1616 4804 prefatis
1628 4724 1728 4788 riolo-

313 4813 400 4880 rihns
412 4829 476 4880 non
489 4821 613 4882 content
624 4822 763 4899 temporo
775 4815 924 4882 adventus
939 4816 1067 4892 domini,
1083 4815 1131 4880 rel
1150 4815 1393 4898 quadragesime,
1407 4816 1456 4881 vol
1465 4817 1728 4899 jejunior-umerus

315 4905 501 4990 sigillorum,
518 4911 566 4977 vel
579 4911 743 4978 dominicis
756 4912 875 4991 diebus,
894 4913 960 4976 sire
977 4912 1190 4978 festivitatibus
1201 4927 1262 4994 pue
1277 4911 1360 4994 epod
1380 4927 1437 4977 nos
1452 4911 1606 4979 coluntur.
1629 4917 1730 4980 Intor-

314 5005 414 5074 diclcs
426 5017 551 5092 quoque
567 5007 790 5091 parrochianos
800 5009 904 5076 Sancti
915 5005 1014 5085 Pauli,
1029 5007 1078 5074 vol
1089 5007 1307 5090 quijustioiom
1319 5005 1445 5076 ecclesie
1458 5011 1596 5092 ejusdem
1613 5013 1729 5078 subter-
