4314 6058
508 807 566 868 tei
1012 812 1118 874 erices
1141 825 1395 876 susrrrrmrrvcs.
1476 793 1481 802 ’

505 939 620 1005 Boiam
632 948 662 1008 et
682 941 720 1006 de
736 945 836 1008 Neon
852 957 923 1008 oum
940 959 996 1008 suo
1015 959 1118 1008 onere.
1139 939 1259 1008 Eraclia
1272 943 1416 1022 voillsot,
1434 949 1465 1008 et
1477 944 1667 1013 seommlcus
1684 947 1922 1028 possidentem

503 1053 575 1102 oum
595 1055 651 1102 suo
672 1055 764 1104 onere
786 1039 861 1104 dum
882 1039 1001 1113 vixerit,
1027 1039 1106 1107 datis
1127 1041 1188 1104 illl
1207 1039 1295 1107 libris
1314 1039 1473 1106 mnuatim
1497 1039 1629 1118 ltraclic,
1644 1047 1675 1106 et
1697 1041 1808 1108 subeat
1821 1043 1921 1122 legem

503 1136 744 1202 constitucionis.
764 1135 919 1201 Willelmo
934 1136 971 1202 de
988 1135 1146 1216 colongiis
1159 1135 1286 1208 ltisireu
1297 1153 1367 1204 curn
1379 1153 1435 1204 suo
1449 1153 1553 1216 onere
1565 1137 1920 1206 videlioatcomduobus

501 1232 620 1298 ultimis
634 1233 753 1298 diebus.
769 1235 847 1298 Item
867 1233 978 1300 damus
1004 1233 1180 1315 supradicto
1201 1233 1320 1298 ltraolio
1340 1233 1539 1300 Vllamootois
1558 1241 1589 1299 et
1609 1233 1787 1304 monloel
1812 1237 1919 1305 Boolle

501 1343 573 1395 cum
589 1329 774 1410 appenditiis
792 1332 899 1396 suiset
918 1345 989 1396 oum
1010 1347 1066 1395 suo
1078 1347 1181 1403 onere,
1200 1338 1235 1394 ut
1246 1330 1399 1412 possideat
1417 1347 1469 1394 aas
1492 1329 1632 1413 docetero
1653 1333 1827 1398 comuniter
1846 1349 1917 1400 cum

499 1433 688 1508 presentem,
705 1425 758 1508 qni
773 1425 843 1491 illas
856 1427 941 1508 prius
957 1427 1089 1492 habebat
1102 1425 1196 1490 selus.
1215 1427 1367 1505 Raynerio
1389 1425 1427 1490 de
1442 1422 1545 1492 iilldn
1557 1427 1723 1494 annualem
1734 1430 1915 1508 Guicbardi,

499 1522 731 1604 archiepiscopi.
757 1523 890 1588 Gnidoni
907 1523 945 1587 do
960 1521 1071 1588 Talaru
1090 1526 1236 1603 Sanctum
1248 1523 1448 1588 Saturninum
1460 1530 1490 1586 et
1502 1523 1609 1588 decern
1625 1525 1739 1590 solidos
1753 1525 1914 1602 debitales.

498 1625 528 1682 et
538 1635 594 1700 pro
604 1621 715 1689 mrsu
728 1619 893 1684 Satvrrnino
905 1619 1014 1684 damus
1027 1620 1152 1700 liuponi
1164 1619 1202 1682 de
1216 1619 1329 1684 Tolera
1348 1621 1458 1682 XXXV
1472 1619 1587 1684 solidos
1600 1620 1757 1700 debitales,
1773 1630 1804 1686 et
1813 1625 1915 1690 cnido

498 1715 608 1778 subeat
621 1716 719 1794 legem
727 1717 967 1780 consolacionis.
981 1718 1105 1796 liuponi
1120 1717 1158 1780 de
1171 1717 1266 1784 Podie
1284 1717 1402 1780 vineam
1416 1715 1455 1780 de
1467 1718 1667 1782 domnacum
1681 1719 1914 1799 appendiciae

498 1827 569 1876 curn
582 1829 639 1876 suo
649 1829 740 1876 onere
753 1819 784 1876 et
795 1815 846 1876 XL
856 1812 970 1878 solidos
983 1811 1142 1878 debitales.
1160 1813 1299 1892 Estorgio
1312 1818 1344 1876 et
1353 1811 1461 1878 divino
1477 1812 1576 1892 Balul.
1590 1814 1736 1880 Saucmm
1747 1817 1912 1881 Genesium

497 1909 640 1974 deterre
654 1909 748 1988 Nigra
764 1925 836 1974 cum
853 1926 911 1973 suo
921 1925 1015 1978 onem
1025 1915 1055 1972 et
1070 1909 1280 1974 anniversarie
1299 1907 1718 1984 macilentissimas
1741 1911 1802 1992 ipsi
1815 1912 1913 1977 reliu-

495 2004 712 2086 quuleoolesie
734 2007 787 2070 LX
810 2004 924 2070 solidos
937 2005 976 2070 de
999 2003 1169 2068 redditibus
1188 2005 1263 2070 suis.
1289 2005 1398 2070 Girino
1418 2003 1458 2068 de
1475 2005 1585 2070 Sancto
1606 2007 1744 2086 Proiecto
1766 2007 1912 2074 Sanctum

495 2102 671 2168 iohannem
680 2099 720 2164 de
730 2103 817 2166 Bono
826 2104 922 2164 Fonte
934 2100 1001 2164 siue
1013 2115 1116 2176 onere,
1133 2100 1208 2164 dum
1218 2117 1345 2180 presens
1361 2117 1472 2180 guerra
1484 2101 1640 2166 duraverit
1651 2103 1912 2170 interbriaonum

494 2206 526 2264 et
537 2199 681 2266 comitem
690 2199 864 2270 terensem
876 2197 955 2262 iacta
966 2203 1069 2262 autem
1082 2213 1167 2276 pace,
1177 2197 1400 2262 muodoauno
1412 2204 1481 2276 post
1490 2213 1596 2277 paoem
1607 2197 1697 2262 laolet
1706 2213 1803 2264 unum
1816 2198 1909 2274 dion,

495 2296 588 2362 tercio
606 2313 688 2362 anuo
707 2298 737 2360 11
749 2295 825 2372 dies,
843 2297 1000 2360 1111ann0
1023 2295 1070 2358 lli
1086 2293 1162 2368 dies,
1180 2297 1206 2359 v
1225 2308 1307 2358 nouo
1327 2297 1388 2358 llll
1406 2293 1482 2368 dieo,
1501 2299 1533 2357 et
1548 2293 1659 2358 exinde
1673 2293 1804 2376 singolis
1820 2296 1911 2360 aunis

493 2396 555 2460 1111
569 2393 646 2460 dies.
661 2393 774 2468 Florio.
796 2397 827 2456 et
840 2390 996 2470 magistro,
1012 2395 1042 2454 et
1060 2389 1168 2452 Girino
1191 2388 1230 2452 de
1244 2388 1403 2454 lavelette
1424 2395 1456 2454 et
1469 2391 1570 2466 Pettn,
1590 2389 1911 2470 deposuissemus

492 2507 549 2572 pro
563 2491 662 2556 tribus
675 2487 902 2562 anniversariis,
917 2485 1060 2550 videlicet
1081 2487 1273 2552 Gauceranoi
1296 2485 1335 2550 de
1349 2487 1486 2564 inviam,
1505 2493 1536 2552 at
1547 2487 1684 2568 episcopi
1706 2487 1866 2564 normas,
1877 2497 1910 2552 et

492 2587 585 2664 Petri,
599 2585 729 2668 dapiferi
742 2581 1091 2658 malmundariensem
1104 2581 1196 2646 debet
1209 2589 1312 2648 tenero
1325 2588 1420 2646 totam
1431 2583 1640 2658 obedienciam
1653 2591 1685 2650 et
1700 2585 1800 2650 lacere
1816 2585 1910 2650 auni-

490 2683 635 2761 versaria,
654 2687 685 2746 et
702 2680 830 2746 ecclesia
843 2679 928 2744 dabit
939 2678 1088 2758 magistro
1101 2679 1152 2744 XL
1171 2675 1297 2754 solidos,
1311 2683 1342 2742 et
1353 2679 1462 2742 Girino
1472 2685 1504 2744 et
1515 2684 1604 2746 Petro
1615 2679 1693 2745 alios
1708 2683 1760 2746 XL
1779 2681 1906 2756 sobrios,

491 2781 575 2846 salvo
594 2780 666 2859 jure
683 2775 883 2844 successionis
903 2774 1079 2860 unicuique.
1097 2773 1242 2840 illioniL
1267 2772 1392 2840 solidos.
1413 2773 1675 2854 archipresbitero
1698 2775 1737 2842 de
1754 2777 1908 2842 Neirnoda

489 2875 653 2942 Lsulidos.
668 2873 806 2940 ismioni
825 2875 878 2936 LX
900 2870 1027 2936 solidos.
1043 2869 1180 2936 Berardo
1203 2869 1242 2934 de
1264 2867 1402 2936 vallibus
1426 2869 1594 2936 Lsolidos.
1619 2875 1711 2938 Petro
1736 2874 1776 2940 de
1797 2879 1908 2942 Sancto

486 2974 624 3054 Proiecto
649 2969 815 3034 Lsolidos.
841 2967 988 3048 Arnaudo
1009 2969 1034 3030 L
1061 2966 1188 3032 solidos.
1216 2963 1373 3032 Dalmaoio
1396 2966 1565 3032 dulchardi
1588 2969 1611 3032 L
1633 2967 1758 3036 solidos.
1784 2971 1907 3039 Falconi

486 3071 510 3134 L
522 3067 648 3134 solidos.
664 3067 771 3132 Girino
785 3065 823 3128 de
833 3063 975 3132 Lavall...
987 3062 1183 3130 novalesium
1197 3067 1228 3126 et
1240 3062 1400 3128 ecclesiam
1411 3061 1450 3126 de
1459 3065 1638 3140 Saturnusue,
1651 3071 1683 3130 et
1693 3073 1906 3150 terramquam

486 3165 723 3246 archipresbiter
737 3163 776 3228 de
790 3159 944 3234 Neirouda
957 3160 1052 3226 babet
1073 3159 1107 3224 in
1121 3159 1212 3224 leudo
1226 3175 1245 3224 a
1257 3165 1396 3236 cantore,
1413 3159 1524 3226 babeat
1536 3159 1680 3246 deinceps
1699 3165 1719 3226 b
1738 3165 1861 3241 Girino,
1876 3173 1906 3230 et
2000 3233 2011 3252 ‚

487 3263 547 3328 boc
561 3267 660 3326 toturn
673 3261 714 3332 sit
732 3277 795 3326 uua
808 3257 987 3326 obediencia
1004 3273 1061 3338 pro
1074 3273 1137 3322 uuo
1153 3257 1312 3322 refectorio
1335 3263 1367 3322 et
1392 3259 1478 3324 XXX
1506 3257 1595 3330 subd.
1614 3257 1739 3325 debital
1760 3262 1905 3343 Magistro

486 3360 600 3426 Ponclo
619 3361 704 3424 XXX
724 3357 838 3425 solidos
861 3371 918 3437 pro
939 3355 1031 3440 dono,
1053 3360 1085 3422 et
1106 3357 1159 3426 XL
1183 3353 1299 3420 subdes
1323 3369 1380 3436 pro
1397 3353 1625 3420 anniversariis.
1650 3357 1739 3438 Patro
1757 3357 1796 3424 de
1816 3361 1903 3424 tami

484 3443 537 3524 XL
550 3457 674 3524 solidos.
700 3459 801 3530 Petro,
822 3453 970 3536 ospitare,
992 3453 1078 3524 XXX
1097 3451 1223 3522 solidos.
1245 3453 1335 3518 Petro
1347 3451 1385 3516 de
1399 3453 1514 3522 balaeo
1528 3453 1614 3520 XXX
1637 3453 1763 3520 solidos.
1781 3457 1903 3537 lingant

486 3553 654 3622 Blancbart
666 3555 751 3626 XXX
766 3548 890 3619 solidos.
907 3546 1062 3612 Willelmo
1076 3547 1115 3612 da
1128 3550 1228 3612 Senos
1243 3547 1413 3612 Cerdonem
1426 3553 1457 3610 et
1470 3553 1584 3615 terram
1599 3565 1693 3628 quam
1708 3549 1793 3616 dedit
1803 3554 1904 3620 disla-

486 3654 592 3720 bertus
613 3666 670 3732 pro
683 3645 894 3716 anniversario
909 3659 976 3719 suo,
991 3649 1021 3708 et
1035 3644 1197 3714 moenium
1208 3642 1355 3712 willelmi
1374 3643 1413 3708 de
1434 3641 1621 3724 Goloignieu
1636 3651 1666 3710 et
1677 3646 1737 3712 boc
1749 3653 1848 3716 totum
1866 3653 1904 3715 sit

486 3749 631 3829 deinceps
660 3761 723 3810 una
743 3743 937 3818 obediencia3
959 3741 1050 3806 lactet
1062 3745 1167 3808 nomm
1188 3740 1437 3804 anniversarium
1458 3739 1623 3806 dislaborti
1642 3749 1673 3806 et
1694 3743 1807 3810 testum
1825 3747 1904 3812 beati

486 3849 584 3920 Luem
609 3843 721 3910 tercius
739 3840 804 3904 dies
829 3855 951 3920 sempor
971 3837 1032 3904 erit
1053 3837 1183 3902 senens.
1202 3835 1469 3918 Archipresbitero
1493 3835 1532 3901 de
1554 3839 1674 3902 tarasio
1696 3841 1754 3906 XX
1777 3841 1901 3910 solidos.

487 3941 623 4008 Bmardo
632 3937 836 4006 desaudreos
848 3937 959 4003 XXXV
971 3933 1096 4010 solidos,
1110 3935 1203 4004 atilli
1214 3947 1323 3998 comm
1336 3933 1450 3998 dantur
1459 3932 1489 3997 ei
1501 3933 1600 4012 mutia
1613 3936 1744 4016 nepotis.
1756 3939 1901 4018 iohanni,

486 4039 626 4116 diacono,
641 4037 698 4104 XX
708 4033 833 4100 solidos.
849 4030 1011 4099 valenano
1020 4031 1078 4096 XX
1088 4029 1213 4100 solidos.
1226 4028 1351 4098 Falconi
1365 4031 1421 4098 XX
1436 4027 1561 4094 solidos.
1575 4031 1699 4111 liugoni
1711 4035 1768 4099 XX
1776 4037 1900 4102 solidos.

384 4169 387 4172 ·
476 4135 659 4202 ¹Ilumberto
672 4135 728 4202 XX
741 4129 868 4195 solidos.
890 4129 982 4192 Petro
995 4127 1034 4192 de
1046 4124 1128 4192 Lisia
1142 4127 1170 4190 X
1184 4125 1309 4190 solidos.
1325 4125 1440 4190 Pensio
1453 4123 1491 4188 de
1502 4125 1614 4188 &nom
1636 4129 1724 4192 iusto
1735 4131 1764 4193 X
1777 4131 1900 4200 solidos.

486 4229 642 4298 bernardo
659 4231 688 4294 X
704 4225 830 4294 solidos.
852 4225 938 4290 Bono
955 4223 1023 4288 Diei
1043 4225 1072 4288 X
1089 4221 1215 4288 solidos.
1231 4221 1344 4286 Omnia
1361 4221 1569 4288 anniversaria
1587 4223 1649 4288 sint
1668 4241 1739 4290 oum
1751 4229 1900 4306 gariodlo.

486 4331 611 4394 uacum
628 4331 676 4390 est
691 4325 750 4390 boo
770 4338 855 4388 anno
873 4319 914 4386 ab
930 4319 1140 4386 incarnatione
1154 4317 1278 4386 llomioi
1292 4319 1323 4382 il
1338 4317 1470 4384 CLXXX
1482 4319 1549 4396 vit,
1564 4327 1712 4400 regnante
1731 4323 1900 4402 brederico.

485 4423 624 4508 piissimo
635 4423 846 4486 Romanorum
856 4417 1049 4498 imperatore,
1061 4422 1092 4480 et
1102 4413 1275 4498 presidente
1288 4415 1428 4496 Lugduni
1442 4415 1594 4494 iohanne,
1603 4416 1773 4484 venerabili
1785 4421 1902 4488 archis

487 4521 625 4615 piscopo.

688 4618 910 4722 lonquich·
923 4615 1070 4700 ,troistest
1084 4617 1129 4690 dot
1139 4613 1256 4694 olom,
1275 4619 1418 4686 Annoire
1431 4625 1549 4696 Aaron,
1565 4616 1689 4688 octavae
1704 4626 1756 4698 θ’,
1772 4625 1865 4711 nti.)
