4314 6058
825 822 931 886 rrhess
955 839 1208 886 rusrrrrenrrvrs.
1411 801 1421 816 ’
1666 825 1726 888 205
1807 861 1812 868 -

311 957 371 1026 tur,
382 951 425 1014 ita
434 949 517 1030 quod
529 955 592 1014 tam
601 947 762 1016 deumne
772 965 865 1032 quam
876 953 1047 1034 pacificatio
1056 953 1089 1020 iu
1101 953 1229 1018 arbitrio
1237 959 1438 1034 executurum
1447 959 1622 1018 nostrorum
1637 954 1727 1034 plena

310 1047 465 1112 consuat
481 1049 558 1111 lteru
568 1046 641 1126 jura
654 1053 685 1111 et
696 1048 840 1125 acdoues,
852 1065 929 1130 quas
940 1049 1130 1116 habebamus
1143 1049 1192 1114 rel
1203 1049 1318 1114 habere
1331 1055 1506 1130 poteramus
1516 1053 1622 1112 contra
1636 1047 1725 1114 dehi-

311 1151 391 1208 tores
404 1149 525 1206 nostros
545 1150 578 1207 st
594 1141 789 1222 fidejussores
802 1143 842 1209 ab
862 1145 908 1208 ais
929 1144 1016 1210 detes
1037 1146 1138 1220 nohis,
1160 1144 1377 1226 executoribus
1397 1143 1509 1206 uostris
1523 1143 1672 1208 cessimus
1693 1151 1725 1208 et

310 1239 461 1314 dedimus,
477 1239 522 1302 ita
533 1237 617 1318 quod
626 1239 760 1304 babeant
768 1241 820 1321 jus
833 1247 863 1306 et
876 1247 1055 1322 potestatem
1065 1242 1207 1324 exigendi
1222 1241 1324 1304 debita
1338 1247 1442 1304 nostra
1455 1256 1515 1320 qua
1529 1247 1600 1306 anta
1611 1241 1725 1304 cessio-

312 1351 382 1399 uem
405 1335 496 1398 uobis
508 1334 709 1410 debebantur,
734 1341 766 1400 et
778 1335 961 1413 cohercendi
984 1337 1138 1402 debitores
1158 1339 1243 1418 ipsos
1264 1343 1296 1402 et
1320 1336 1524 1414 fidejussores,
1543 1343 1574 1399 et
1593 1337 1723 1400 lactendi

311 1433 414 1496 omnia
430 1447 491 1511 que
504 1447 560 1494 uos
574 1432 671 1496 tacere
686 1437 872 1512 poteramus.
890 1435 955 1498 Hac
972 1449 1043 1498 vero
1062 1451 1123 1514 que
1143 1433 1181 1498 de
1201 1439 1306 1498 nostra
1326 1433 1517 1497 ordinatione
1531 1433 1723 1514 precepimus

311 1535 342 1592 et
360 1543 464 1592 rarum
477 1533 652 1592 nostrarum
666 1529 708 1592 itu
720 1526 862 1594 volumus
874 1535 910 1594 ut
921 1537 1076 1606 maneant,
1091 1530 1171 1594 sicut
1188 1529 1333 1605 diximus,
1352 1529 1470 1592 ratione
1491 1526 1599 1592 ultime
1614 1528 1723 1590 volun·

311 1625 390 1688 tatis.
406 1623 586 1688 Retiuemus
606 1629 705 1688 tamen
725 1625 814 1688 uobis
827 1632 871 1701 ut,
888 1627 914 1688 si
929 1643 991 1706 qua
1003 1623 1146 1690 volumus
1159 1643 1258 1706 usque
1269 1627 1447 1690 admortem
1459 1631 1595 1688 nostram
1607 1625 1723 1688 subtra-

311 1722 384 1786 hero
400 1718 447 1783 rel
465 1719 579 1784 addere
591 1719 638 1784 rel
661 1721 824 1786 immutare
838 1721 877 1786 de
894 1721 1026 1802 hiisque
1041 1723 1154 1802 scripta
1173 1723 1290 1786 suntin
1305 1722 1438 1802 presenti
1452 1727 1546 1796 carta,
1562 1721 1621 1784 hoc
1635 1721 1723 1784 nobis

220 1841 223 1846 ·
312 1817 400 1880 liccat
412 1817 521 1892 lucam,
538 1817 581 1878 ita
602 1823 706 1880 tamen
729 1817 812 1898 qnod
833 1818 999 1882 subtractio
1013 1815 1060 1881 vel
1075 1818 1186 1882 edictio
1208 1816 1252 1881 vel
1268 1819 1439 1882 immutatio
1451 1819 1603 1881 scribatur
1616 1819 1648 1882 iu
1663 1817 1723 1880 alia

310 1920 403 1988 carta,
427 1927 488 1992 que
508 1915 612 1976 ubstro
632 1919 736 1976 tamen
758 1919 789 1977 et
807 1914 941 1978 chorum
961 1913 1129 1994 proborum
1147 1914 1284 1978 rherum
1306 1914 1416 1992 sigillis
1438 1913 1625 1994 apparuerit,
1645 1915 1724 1978 sicut

272 2025 275 2030 ·
309 2010 450 2086 amerit,
463 2009 606 2089 sigillata.
616 2011 806 2090 Pracipimus
819 2012 912 2074 etiarn
923 2017 954 2073 at
965 2010 1109 2072 volumus
1121 2011 1203 2090 quod
1218 2011 1243 2073 si
1257 2011 1331 2090 qnid
1343 2011 1500 2073 residuum
1514 2017 1544 2072 et
1556 2011 1722 2074 indivisum

312 2104 391 2170 ultm
401 2123 437 2170 aa
452 2123 515 2187 pue
530 2107 667 2170 diximus
678 2114 850 2172 remaneret
866 2107 1006 2171 debonis
1021 2107 1144 2180 noscis,
1161 2107 1220 2186 piis
1238 2105 1312 2168 locis
1328 2113 1358 2168 et
1372 2105 1558 2186 pauperibus
1572 2113 1724 2184 enequto-

310 2216 380 2264 ram
394 2207 570 2264 nostrorum
581 2201 708 2265 arbitrio
719 2201 883 2266 dividatur.
900 2205 1087 2282 Lnequtcres
1099 2207 1204 2264 autem
1215 2201 1379 2264 voluntatis
1393 2207 1497 2265 nostre
1509 2201 1723 2264 constituimus

311 2299 503 2372 Durannum,
525 2296 702 2377 episcopum
729 2295 974 2370 cabilonensem,
1001 2290 1126 2367 Petrum
1148 2295 1285 2372 Berardi,
1309 2297 1522 2374 camaranum,
1551 2298 1719 2372 Terricum,

309 2394 489 2458 muouicum
503 2393 749 2472 Lugdunensem,
768 2395 815 2456 W.
832 2391 991 2466 Richardi,
1004 2393 1129 2456 trahem
1144 2389 1351 2471 druulphum,
1366 2396 1491 2457 Petrum
1509 2393 1546 2458 de
1558 2397 1639 2470 Bet,
1653 2391 1723 2458 offi-

308 2491 417 2554 cialem
430 2495 580 2563 nostrum,
597 2492 732 2562 Petrum,
746 2487 1038 2568 archipresbiterum
1052 2487 1089 2550 de
1107 2487 1242 2560 tarasio;
1261 2485 1298 2549 de
1314 2487 1427 2566 quibus
1441 2489 1629 2570 precipimus
1638 2491 1721 2572 quod

310 2584 573 2667 qualitercumque
590 2600 624 2648 se
638 2583 803 2648 habuerint
811 2583 846 2646 iu
859 2583 1040 2663 enequtioua
1049 2581 1262 2647 mandatorum
1274 2589 1459 2658 nostrorum,
1472 2583 1587 2648 anullo
1602 2586 1722 2649 valeant

310 2680 459 2762 appellari
469 2680 588 2760 dejure
604 2677 650 2743 vel
663 2679 702 2742 de
712 2680 791 2743 tacto
804 2677 931 2742 nomine
942 2683 1046 2742 nostro
1056 2678 1103 2742 rel
1113 2679 1225 2754 alieno,
1237 2695 1309 2742 uam
1323 2695 1456 2758 quornm
1470 2680 1562 2744 tidem
1572 2681 1726 2762 elegimus

307 2779 347 2842 ab
368 2779 499 2842 aliorum
516 2777 676 2840 venatione
695 2782 725 2839 et
742 2775 965 2854 inquietatione
988 2789 1113 2838 securos
1130 2775 1271 2838 volumus
1290 2790 1482 2865 permanere.
1507 2773 1617 2838 neum
1641 2792 1721 2839 anuo

313 2875 434 2938 Domini
448 2875 493 2936 ll·
509 2875 569 2938 CC⁰
578 2875 700 2946 xxvh,
717 2873 803 2936 XVII
815 2870 964 2934 kalendas
978 2869 1168 2934 novembris.

353 2973 415 3050 Ego
429 2968 625 3048 Rayuaudus,
641 2967 889 3047 archiepiscopus
902 2963 1126 3045 Lugdunensis,
1140 2966 1213 3031 huie
1226 2966 1373 3032 voluntati
1383 2983 1450 3032 mee
1464 2968 1601 3048 sigillum
1618 2986 1723 3034 meum

311 3067 440 3146 apposui
450 3070 480 3128 et
490 3062 668 3144 subscripsi.
787 3121 792 3131 ,
1019 3113 1024 3126 .

353 3164 415 3242 Ego
426 3163 487 3236 W.,
505 3159 648 3232 decanus,
664 3163 789 3237 rogatus
798 3157 922 3220 intertui
936 3164 966 3220 et
980 3157 1158 3238 subscripsi.

354 3261 415 3337 ugo
427 3257 579 3330 Terricus,
594 3259 719 3334 regebus
734 3254 858 3317 interlui
868 3259 897 3316 et
906 3253 1083 3333 subscripsi.

353 3356 415 3434 ltgo
427 3355 475 3416 W.
492 3352 530 3415 da
543 3353 676 3427 Manen,
691 3355 815 3430 rogatus
828 3350 953 3422 interfui
967 3355 997 3412 et
1012 3349 1190 3431 subscripsi.

351 3453 414 3529 ligo
430 3451 476 3512 W.
489 3448 527 3511 de
538 3447 669 3522 Paluda,
682 3447 855 3528 prepositus
869 3447 1014 3521 Ferrarii,
1031 3453 1155 3526 rogatus
1168 3447 1291 3511 interlui
1306 3455 1337 3512 et
1346 3451 1522 3530 subscripsi.

353 3551 415 3626 Ego
430 3543 611 3619 Dalmatius,
628 3545 754 3608 sacrista
766 3545 797 3608 S.
809 3543 898 3620 lusti,
915 3547 1039 3622 rogatus
1051 3543 1177 3608 intertui
1191 3549 1220 3606 et
1233 3547 1410 3626 subscripsi.

353 3647 416 3724 ligo
429 3645 478 3706 W.
494 3642 531 3706 de
542 3643 654 3706 Sancta
669 3641 827 3717 Columba,
840 3640 996 3720 magister,
1011 3647 1136 3720 rogatus
1147 3641 1271 3704 intertui
1281 3649 1311 3704 at
1325 3643 1502 3724 subscripsi.

571 3747 742 3906 (deiparat.
763 3741 973 3920 {frutices
994 3745 1038 3811 du
1060 3745 1182 3822 Rbdrte,
1207 3747 1349 3812 Armolre
1374 3750 1459 3826 God,
1483 3749 1605 3819 rotome
1629 3763 1680 3834 lu,

626 3862 654 3926 p
698 3853 765 3906 οπο
801 3889 809 3903 .

332 4319 547 4404 requisitiones
572 4321 668 4402 suites
687 4339 749 4402 pur
770 4319 814 4384 les
833 4319 1012 4383 cccmueurs
1032 4318 1280 4384 testamurtuirer
1300 4320 1337 4386 de
1359 4321 1479 4388 Girurd
1503 4321 1603 4402 l'ltrcr,
1624 4347 1709 4410 pour

867 4433 927 4480 sea
943 4431 1172 4480 cnuwersaore.

930 4545 1003 4609 tuin
1023 4547 1111 4610 thas.

352 4681 455 4745 Prime
479 4681 694 4760 Lugdunensis
721 4680 847 4744 ecstasis
873 4676 1043 4759 capitulum
1066 4678 1217 4744 universis
1238 4691 1392 4762 presentes
1414 4685 1529 4750 litteras
1545 4689 1729 4771 inspecturis

312 4778 442 4840 salutem
454 4777 485 4840 in
501 4777 637 4840 domino.
652 4776 846 4840 Universitati
863 4779 961 4838 vestre
972 4775 1165 4856 presentibus
1178 4775 1285 4840 litteris
1299 4777 1441 4844 volumus
1453 4785 1519 4847 lteri
1534 4788 1728 4851 manifestum

312 4871 394 4954 quod
412 4861 562 4938 hunulfus
586 4873 624 4936 de
642 4870 808 4952 colongiis,
824 4877 931 4934 cautm
946 4867 1073 4934 ecclesie
1088 4877 1202 4947 nostre,
1221 4881 1251 4936 et
1274 4875 1438 4940 Umbertus
1456 4879 1494 4943 de
1513 4881 1680 4961 Agniuens,
1700 4893 1730 4947 et

312 4969 459 5048 magister
477 4972 584 5032 Petrus
600 4967 639 5032 de
659 4967 863 5032 subreptam
883 4971 912 5028 et
935 4966 1131 5041 Laurentius,
1155 4969 1341 5048 capellanus,
1364 4981 1540 5039 erecrrtores
1565 4976 1728 5042 voluntatis
