4314 6058
523 861 580 925 l80
1036 863 1144 927 ericus
1166 873 1421 936 tnsrrrpcnrrrus.

521 1003 598 1072 tum,
615 1001 645 1061 et
658 1001 777 1078 partem
797 1001 877 1062 terre
892 998 980 1078 juxta
993 997 1217 1072 molendinum,
1232 1001 1262 1058 et
1275 1009 1384 1058 cursus
1402 1005 1552 1075 aquarum
1575 1000 1606 1056 et
1619 993 1737 1058 clausus
1751 995 1942 1077 ubicumque

519 1093 690 1164 molendini
708 1093 837 1158 alciores
850 1095 974 1172 luerint,
989 1095 1072 1160 uude
1088 1093 1294 1159 controversia
1314 1093 1400 1174 prins
1418 1095 1527 1168 tuerat,
1550 1099 1579 1156 et
1597 1093 1629 1155 in
1641 1095 1821 1158 nemoribus
1835 1096 1939 1159 Sancd

520 1191 669 1272 stephani
688 1189 772 1270 quod
785 1207 863 1272 opns
874 1192 965 1256 inerit
978 1189 1100 1266 clausis,
1118 1189 1170 1252 tali
1191 1193 1280 1270 pecto
1294 1187 1377 1269 qnod
1392 1205 1449 1267 ego
1462 1193 1493 1252 et
1507 1203 1697 1253 successoros
1712 1190 1774 1254 mei
1793 1191 1939 1271 quicum-

475 1281 482 1294 '
520 1305 581 1369 que
601 1303 743 1352 mansum
757 1289 920 1365 tenuerint,
936 1285 1066 1368 singulis
1083 1285 1172 1350 anuis
1194 1283 1420 1350 obedienciario
1440 1285 1530 1358 llnse,
1551 1299 1608 1364 pro
1628 1289 1691 1348 toto
1702 1300 1822 1360 menso,
1840 1301 1937 1350 unam

518 1387 668 1450 asinatam
681 1385 826 1448 frumenti
838 1389 869 1449 et
881 1397 976 1448 unam
990 1385 1139 1447 asinatum
1152 1382 1216 1444 rini
1229 1389 1261 1446 et
1275 1381 1303 1446 V
1322 1379 1442 1444 solidos
1450 1379 1656 1444 redderemus.
1674 1384 1763 1445 Facta
1785 1389 1859 1446 sunt
1878 1383 1936 1448 hoc

519 1499 600 1548 enno
614 1483 653 1546 ub
668 1482 877 1546 incarnatione
884 1481 1007 1546 Domini
1022 1483 1066 1544 44ο
1075 1481 1111 1543 0⁰
1117 1479 1241 1544 LXXX⁰
1248 1479 1316 1552 V10,
1329 1481 1477 1556 regnante
1488 1475 1659 1551 ursione,
1673 1477 1815 1558 piissimo
1826 1480 1936 1544 Romu-

517 1595 631 1646 uurum
639 1579 834 1660 imperatore,
850 1583 880 1644 et
892 1578 1043 1652 iohanne,
1060 1573 1274 1654 Lugdunensis
1286 1571 1414 1636 ecclesie
1424 1571 1570 1635 existente
1582 1571 1826 1654 archiepiscopo.
1843 1577 1936 1655 Prop-

518 1681 565 1740 ter
583 1675 643 1740 hoc
664 1679 767 1738 antem
784 1671 911 1738 ecclesie
931 1677 961 1736 et
981 1667 1223 1734 obedienciarius
1236 1669 1319 1732 Anse
1340 1665 1500 1731 dominum
1521 1667 1620 1730 mansi
1640 1667 1748 1746 intrare
1766 1685 1891 1750 semper
1906 1679 1935 1735 et

518 1779 677 1836 monuere
692 1777 844 1834 terrentur.

758 1871 929 1962 (Oripicol.
940 1907 982 1920 -
994 1869 1141 1940 drcddocr
1154 1871 1199 1936 du
1216 1863 1333 1946 illudne,
1351 1868 1495 1934 Armotre
1516 1867 1633 1948 dnocd,
1651 1867 1713 1936 col.
1730 1873 1781 1948 32,
1798 1884 1833 1936 u⁰
1850 1877 1865 1936 4
1871 1879 1892 1952 .)

1201 2107 1230 2162 θ
1251 2115 1259 2126 ι

517 2231 706 2300 concocunt
730 2240 762 2296 et
777 2229 946 2318 mytonem
967 2251 1030 2318 por
1050 2229 1274 2318 tentetque,
1302 2229 1455 2322 lodoyco
1477 2247 1506 2303 et
1530 2233 1558 2301 le
1581 2230 1723 2322 cdopitre
1748 2237 1784 2302 de
1812 2233 1929 2320 i'e'plise

612 2361 617 2372 ·
696 2365 703 2372 -
747 2327 893 2413 conpore,
912 2329 949 2396 de
962 2327 1202 2396 lonnioemot're
1217 2327 1397 2415 delinques
1410 2332 1514 2410 Ferlo,
1534 2332 1699 2401 cdonoiuo.

1126 2465 1202 2526 Vers
1220 2465 1309 2529 4486.

551 2595 722 2671 lohannes,
742 2593 797 2658 Dei
814 2593 912 2674 gratia
927 2593 1027 2675 prime
1044 2592 1256 2672 Lugdunensis
1274 2593 1401 2660 ecclesie
1416 2595 1543 2660 humilis
1567 2597 1720 2672 sacerdos,
1741 2596 1924 2676 Stephanus,

512 2693 659 2768 decanus,
674 2697 705 2755 et
716 2691 895 2755 universum
908 2689 1088 2771 capitulum,
1108 2687 1252 2754 omnihus
1270 2689 1309 2752 ad
1321 2706 1399 2771 quos
1417 2689 1515 2756 littere
1529 2693 1587 2756 iste
1608 2691 1792 2773 pervenirint
1808 2691 1843 2754 in
1864 2708 1926 2770 per·

513 2795 652 2870 petuum.
670 2790 715 2852 Ne
729 2786 849 2852 vacillet
861 2788 894 2850 in
908 2793 1066 2868 posterum
1080 2791 1239 2866 gestorum
1251 2786 1338 2864 tides,
1348 2804 1406 2851 usu
1422 2795 1576 2869 receptum
1587 2795 1632 2852 ast
1644 2794 1675 2852 et
1687 2788 1776 2852 honis
1787 2787 1926 2852 moribus

512 2884 715 2966 approbatum
728 2889 763 2945 ut
780 2883 862 2962 quod
875 2882 1025 2950 memoria
1045 2881 1173 2960 digrmm
1193 2881 1319 2960 geritur,
1337 2881 1508 2948 litterarum
1521 2884 1654 2948 cautioni
1674 2881 1853 2956 mandetur;
1869 2883 1925 2946 hac

510 2979 605 3060 igitur
629 2977 745 3041 radone
767 2977 900 3054 inducti,
918 2975 1107 3040 universitati
1127 2981 1225 3039 vestre
1246 2978 1398 3056 presentis
1423 2979 1572 3060 scripture
1592 2979 1764 3044 testimonio
1783 2978 1924 3042 volumus

509 3077 679 3140 innotescet
696 3071 779 3154 qnod
797 3073 837 3138 de
856 3071 1011 3138 communi
1030 3085 1182 3136 consensu
1203 3078 1235 3135 et
1249 3073 1363 3138 intuitu
1380 3075 1500 3156 plenus
1525 3076 1729 3140 concessimus
1747 3075 1925 3140 anniversa-

509 3173 592 3236 rium
612 3170 753 3248 lingonis
771 3167 859 3234 Ferlo
879 3167 1091 3250 sollempniter
1108 3168 1144 3232 in
1157 3167 1284 3234 ecclesie
1305 3177 1411 3236 nosue
1428 3173 1507 3246 lieri,
1527 3175 1570 3236 ita
1589 3172 1673 3252 quod
1694 3187 1799 3237 omnes
1821 3172 1924 3236 clerici

508 3270 603 3332 trium
616 3262 973 3340 ecclesiarumvidelioet
986 3265 1089 3328 Sancti
1101 3264 1262 3342 iohannis,
1278 3267 1380 3332 Sancti
1393 3267 1541 3349 Stephani
1552 3273 1582 3332 et
1596 3271 1704 3332 &nom
1714 3267 1828 3342 Crucis,
1843 3283 1924 3332 com·

509 3365 645 3430 munitor
663 3363 695 3426 in
713 3363 874 3428 relectorio
888 3367 1103 3444 procurentur,
1115 3367 1146 3426 et
1162 3377 1269 3426 omnes
1283 3362 1435 3443 integram
1450 3364 1637 3446 prebendam
1652 3362 1829 3444 percipiant,
1853 3379 1924 3444 prs-

508 3467 703 3542 ter'pueros,
725 3473 859 3540 quorvnn
881 3458 943 3524 duo
964 3459 1059 3524 simul
1080 3459 1236 3538 integram
1267 3460 1458 3540 prebendam
1482 3460 1649 3525 delebunt.
1677 3458 1727 3524 llll
1748 3465 1850 3524 umen
1870 3464 1921 3541 qui

507 3557 643 3640 deputati
654 3557 778 3620 luerunt
789 3555 830 3618 ud
846 3555 1011 3620 deserenda
1024 3553 1208 3622 candelabra
1222 3555 1393 3636 percipient
1406 3557 1484 3620 siout
1497 3557 1529 3620 in
1544 3557 1614 3622 aliis
1634 3555 1860 3620 anniversariis.
1887 3559 1925 3620 iit

507 3653 757 3734 sciendumqnod
769 3650 871 3718 clerici
883 3655 937 3735 qul
950 3669 1015 3718 non
1025 3653 1141 3718 liabent
1151 3669 1345 3718 con...nuam
1355 3656 1600 3734 procurationem
1612 3653 1645 3716 in
1659 3653 1831 3730 refectorio,
1847 3671 1923 3719 oon-

507 3753 583 3818 tenti
596 3757 688 3815 erunt
698 3749 816 3826 alonio;
832 3751 922 3832 penis
944 3751 998 3832 qui
1013 3749 1052 3814 de
1067 3749 1190 3830 siligine
1193 3795 1500 3813 ..........
1523 3749 1648 3814 orsoriis
1651 3795 1919 3814 .........

507 3847 715 3930 duplicabitur
730 3846 784 3912 illa
807 3845 868 3910 die.
892 3845 980 3924 erod
1000 3851 1034 3910 nt
1057 3851 1161 3910 ratum
1182 3851 1214 3910 et
1238 3845 1364 3910 tlrmum
1381 3853 1564 3925 permaneat·
1577 3846 1609 3908 in
1628 3845 1777 3920 luterum,
1796 3863 1923 3926 prason

506 3955 568 4012 um
584 3949 700 4010 cartam
720 3943 942 4008 constitutionis
965 3949 1069 4008 nosue
1091 3941 1268 4023 sigillorum
1285 3947 1462 4006 nostrorum
1479 3942 1650 4008 munimine
1667 3941 1812 4008 duximus
1830 3945 1924 4009 robo-

507 4042 647 4108 rendum.

946 4087 1124 4202 (eripiunt.
1143 4151 1185 4164 -
1204 4113 1352 4184 Arciloco
1374 4115 1419 4180 du
1438 4113 1561 4193 ulum,
1582 4117 1725 4184 Arctoire
1740 4126 1839 4204 tque,

1023 4213 1146 4280 colurno
1168 4219 1221 4290 lv,
1243 4213 1330 4298 plico
1353 4227 1390 4277 n⁰
1413 4217 1459 4294 3.)

1192 4437 1241 4492 to

586 4559 881 4641 repercuterentur
896 4559 940 4624 ios
958 4559 1131 4628 cdorror'ues
1146 4565 1199 4630 des
1217 4581 1346 4629 renerum
1367 4561 1405 4626 dc
1428 4562 1556 4647 dEplc'se
1575 4559 1840 4645 metropolitains.

1174 4698 1262 4762 4487.

545 4819 588 4886 dn
602 4827 757 4891 communi
771 4841 922 4892 consensu
935 4829 1072 4907 capituli,
1088 4829 1289 4892 oontlrmanle
1311 4829 1551 4910 archiepiscopo,
1575 4829 1654 4892 lactu
1669 4831 1715 4890 est
1734 4841 1828 4904 super
1849 4825 1922 4887 uni-

502 4933 604 4984 versos
628 4921 698 4986 telis
719 4925 909 5002 constitutio,
935 4931 970 4988 ut
990 4925 1178 5005 quicumque
1201 4926 1344 4990 habuerit
1365 4927 1404 4990 de
1433 4928 1521 4990 bonis
1546 4925 1640 5003 hujus
1663 4919 1791 4986 ecclesie
1814 4919 1921 4984 valens

503 5013 558 5082 liv
571 5017 676 5096 libres,
695 5035 750 5102 per
762 5037 878 5087 tumtun
894 5021 1074 5086 continuum
1088 5021 1302 5103 inprundendo
1317 5029 1415 5087 tenent
1434 5023 1597 5104 ospitium
1615 5019 1696 5101 quod
1718 5019 1743 5081 si
1760 5031 1822 5082 non
1836 5019 1922 5082 inoe-
