4300 6054
589 780 754 830 osrrunrnn
776 783 814 830 ua
836 764 970 830 n'iunrsn
991 781 1030 829 ns
1052 779 1330 828 alone-iditum.
1626 769 1663 827 oti

292 909 306 987 ξ
327 909 364 972 lit
375 909 519 972 dominus
537 908 673 972 Andreas
685 907 723 970 de
740 907 868 972 l'illario
886 905 936 987 (1),
956 887 1111 985 quondam
1128 904 1302 985 capellanus
1314 911 1477 986 perpetuus
1497 907 1528 968 in
1539 905 1664 969 ecelesia

249 1004 458 1086 lugdunensi,
481 1005 535 1085 qui
550 1003 675 1084 reliquit
686 1019 742 1088 pro
763 1019 819 1066 suo
833 1003 1041 1066 anniversario
1055 1001 1192 1066 iaciendo
1208 1001 1366 1064 annuatim
1384 1001 1416 1064 in
1440 1001 1520 1066 dicta
1539 1003 1665 1067 ecclesis

248 1101 447 1181 lugdunensi
460 1101 592 1165 dominis
604 1099 634 1163 et
644 1099 846 1180 incorporatis
862 1098 992 1178 trigenta
1008 1097 1120 1160 solidos
1131 1102 1252 1160 monete
1272 1098 1422 1161 currentis
1439 1097 1665 1164 distribuendos

248 1214 305 1278 per
317 1197 504 1272 libratorem,
519 1197 712 1262 medietatem
726 1197 757 1260 in
768 1195 936 1270 matutinis,
950 1201 979 1257 et
988 1195 1081 1257 aliam
1092 1195 1288 1258 medietatem
1301 1195 1333 1256 in
1346 1195 1438 1256 missa
1449 1194 1660 1270 anniversarii,

248 1309 327 1372 quos
338 1293 461 1358 situavit
473 1309 566 1374 super
578 1292 641 1356 suis
655 1293 896 1372 possessionibus
911 1293 976 1354 sitis
988 1292 1019 1353 in
1031 1291 1245 1354 mandamento
1258 1294 1366 1356 Sancte
1377 1291 1458 1354 Fidis
1469 1289 1520 1372 (t),
1539 1297 1570 1354 et
1588 1305 1664 1370 quas

248 1390 454 1469 possessiones
463 1389 555 1452 modo
570 1394 651 1452 tenet
662 1389 824 1470 Philippus
839 1389 985 1463 Silvestri,
999 1389 1134 1467 agricolo
1143 1389 1181 1452 de
1195 1389 1275 1451 dicto
1289 1388 1355 1451 loco
1372 1389 1480 1452 Sancte
1490 1386 1582 1462 Fidis,
1610 1386 1663 1465 qui

247 1486 413 1568 Philippus
427 1493 473 1550 est
488 1487 566 1550 hene
579 1491 609 1549 et
629 1481 790 1549 efficaciter
808 1485 971 1564 obligatus,
987 1491 1017 1548 et
1038 1491 1110 1548 sunt
1122 1476 1275 1550 littero‘in
1297 1483 1431 1564 capitulo
1455 1481 1660 1562 lugdunensi.

249 1583 362 1646 Animo
373 1583 438 1663 elus
450 1581 621 1662 requiescat
630 1583 661 1644 in
674 1597 758 1664 pace.
772 1583 879 1646 Amen.

288 1707 794 1796 nn—-Qbieruntiiaimbertus
805 1713 885 1770 -et
899 1707 1082 1780 willalmus,
1099 1721 1260 1782 conversus
1270 1705 1373 1772 Sancti
1384 1704 1512 1786 Sulpicii
1525 1703 1577 1788 (3),
1587 1711 1662 1768 -et

249 1805 382 1878 Rostris,
399 1805 608 1879 hmines-et
619 1805 824 1877 Gauceranus,
837 1803 926 1866 miles
940 1804 991 1884 (1).
1004 1803 1066 1883 -5
1081 1806 1118 1866 m
1131 1802 1312 1865 venerahilis
1323 1803 1369 1864 vir
1380 1808 1410 1865 et
1421 1801 1569 1866 discretus
1583 1804 1661 1866 hone

248 1901 396 1963 memorie
408 1898 602 1962 theobaldus
616 1898 653 1962 de
667 1892 851 1962 vassalliaco
861 1896 912 1977 (5),
928 1899 1082 1978 quondam
1095 1899 1257 1962 cononicus
1269 1903 1433 1978 perpetuus
1447 1897 1526 1961 dicte
1535 1898 1661 1962 ecclesio

248 1997 301 2076 qui
305 2043 364 2058 .....
379 2011 475 2058 unum
488 2009 578 2056 suum
589 1993 713 2056 missale
724 1993 909 2072 completum
924 1994 955 2055 in
970 1993 1089 2056 duobus
1094 2043 1180 2057 .......
1202 1993 1285 2057 dedit
1298 2000 1328 2057 et
1345 1994 1464 2072 legauit.
1483 1998 1560 2058 Ioem
1584 1996 1662 2060 dicte

147 2103 152 2112 ·
230 2093 370 2174 ,ecclesia
384 2090 578 2170 Lugdunensi
593 2089 675 2152 dedit
686 2093 716 2152 et
727 2088 837 2166 legavit
850 2089 965 2152 librum
979 2106 1069 2154 suum
1080 2091 1117 2152 de
1132 2090 1271 2153 Floribus
1282 2093 1473 2165 Sanctorum,
1485 2097 1518 2154 ut
1532 2099 1663 2172 ponatur

247 2190 278 2250 in
288 2189 417 2252 cathena
433 2185 471 2266 (6)
485 2192 566 2248 retro
578 2184 673 2248 altare
684 2185 763 2248 beati
776 2183 935 2248 iohannis.
950 2189 1026 2249 item
1042 2187 1148 2250 domos
1162 2205 1242 2260 suas,
1260 2204 1335 2267 quas
1349 2175 1475 2252 haberet
1485 2189 1517 2250 in
1530 2189 1661 2254 claustro

246 2284 452 2365 lugdunensi,
469 2282 634 2346 Guillelmo
648 2282 686 2346 de
697 2282 881 2346 vassalliaco
897 2282 948 2364 (7),
966 2285 1081 2348 cantori
1096 2284 1301 2363 Lugdunensi,
1322 2285 1424 2364 nepoti
1445 2301 1511 2360 suo,
1533 2285 1616 2350 dedit
1633 2293 1662 2350 et

248 2382 358 2462 legarit
368 2379 513 2444 tenendas
524 2385 554 2441 et
564 2377 760 2460 possidendas
773 2379 919 2458 quamdiu
934 2379 1041 2443 vixerit
1055 2386 1084 2442 et
1095 2381 1186 2443 luerit
1196 2381 1228 2442 in
1241 2381 1398 2453 humanis;
1413 2386 1443 2443 et
1461 2383 1486 2443 si
1506 2383 1661 2462 contingat

247 2480 350 2557 ipsum
365 2476 498 2556 premori
510 2493 603 2556 quam
619 2475 819 2538 Guillelmum
832 2476 970 2550 dosora,
986 2477 1236 2540 archidiaconum
1251 2477 1483 2554 Lugdunensem
1497 2476 1549 2558 (8),
1565 2479 1661 2542 voluit

248 2579 278 2635 et
308 2571 462 2636 ordinarit
487 2572 568 2651 quod
595 2571 694 2635 dictus
716 2571 908 2644 Goiilelmus‚
932 2573 1176 2649 archidiaconus,
1202 2574 1352 2653 predictas
1374 2572 1480 2635 domos
1508 2579 1607 2637 teneat
1632 2581 1661 2637 et

250 2671 401 2752 possideat
414 2685 484 2732 cum
497 2668 692 2748 pertinenciis
706 2667 852 2748 quamdiu
872 2669 981 2731 vixerit
991 2675 1022 2732 et
1032 2671 1124 2733 luerit
1145 2670 1176 2732 in
1196 2671 1348 2732 humanis.
1364 2673 1436 2732 Post
1448 2677 1579 2734 mortem
1591 2687 1661 2734 vero

249 2765 593 2848 ipsorumroluitdictas
604 2763 809 2827 domusvendi
820 2779 874 2845 per
884 2779 992 2826 manus
1003 2765 1168 2829 Percevolli
1180 2765 1217 2828 de
1230 2764 1345 2828 Pelude
1361 2762 1413 2844 (9),
1429 2765 1566 2828 canonici
1580 2769 1661 2844 Lug-

283 2979 317 3045 (i)
335 2981 367 3030 Ca
379 2981 501 3044 chapeloln
516 2991 613 3032 mourut
629 2985 674 3030 lei
689 2981 768 3044 juillet
780 2981 836 3028 isat
852 2980 920 3028 silut

250 3058 348 3106 inhumd
359 3059 417 3108 dans
428 3060 451 3107 le
461 3061 545 3108 aloiti-a
556 3061 588 3108 du
604 3061 711 3122 chapitre
725 3060 754 3106 de
766 3059 853 3120 l'dglise
869 3070 920 3104 mo-

250 3137 416 3204 tropolitsina,
435 3139 562 3200 uincique
587 3136 711 3200 l'opprend
730 3144 790 3184 cette
809 3135 920 3198 epitaphe

252 3218 335 3276 graves
346 3231 388 3264 eur
400 3229 444 3264 sort
461 3219 572 3266 tombeau
588 3224 613 3266 et
628 3215 767 3280 reproduioe
779 3215 809 3264 isi
828 3215 920 3276 dapnes

253 3308 298 3340 une
318 3297 487 3357 tmusoriptiorr
509 3297 613 3344 du‘xnv
633 3296 717 3355 siecle,
738 3294 780 3356 qui
794 3307 819 3341 sa
837 3299 920 3340 trouve

253 3386 295 3420 sur
311 3385 343 3420 on
358 3375 449 3422 leuitici
463 3375 560 3423 dttnchd
578 3379 593 3422 1
612 3375 634 3422 la
645 3375 707 3422 suite
725 3373 754 3420 do
770 3380 839 3420 notre
861 3371 920 3420 old-

252 3451 328 3504 ruaire
339 3469 346 3498 :

293 3547 353 3614 ilic
368 3548 456 3633 jacet
478 3549 539 3614 ures
562 3548 705 3614 Andreas
725 3545 763 3611 de
787 3544 919 3610 villario

252 3643 432 3726 capellanus
447 3655 618 3730 perpetuus
639 3643 772 3708 melesio
792 3642 920 3726 Lupdu-

251 3741 373 3816 mosis,
399 3743 455 3826 qui
482 3739 562 3808 obiit
590 3743 703 3826 praerato
734 3739 920 3804 dionensis

244 3837 328 3922 julii
346 3859 431 3904 anno
452 3842 510 3906 dni
533 3850 577 3906 l1⁰
602 3847 692 3907 000ο
714 3845 780 3904 LX⁰
796 3837 916 3921 primo.

251 3934 365 4000 auimo
379 3937 447 4022 ejus
457 3939 632 4022 requiescat
642 3937 679 4001 io
688 3953 777 4020 poce.
792 3943 896 3998 nmen.

284 4061 318 4124 (i)
335 4063 605 4128 Sainteioy-leslyom
616 4071 702 4114 canton
722 4063 751 4110 de
762 4059 920 4111 selandensis

250 4138 319 4188 laval
332 4139 445 4205 (lihons).

269 4217 314 4281 (ὃ)
332 4219 522 4282 Salui-Sulpico.
540 4223 656 4271 ancienne
674 4219 765 4280 abbaye
778 4219 918 4274 d'lroromes,
955 4248 957 4259 ·

250 4296 278 4342 de
294 4297 381 4346 l'ordre
391 4299 419 4344 de
430 4301 540 4360 Gitanas,
554 4301 612 4348 dous
628 4301 650 4348 lo
668 4306 754 4348 canton
766 4296 920 4346 dusarerille

252 4371 323 4432 (alini.
563 4421 564 4424 ,

281 4453 313 4516 (1)
328 4455 640 4508 ProbablementGauseran
650 4459 835 4520 del'iuy,mort
851 4461 921 4503 avant

251 4537 318 4594 liti,
334 4542 359 4581 et
377 4535 437 4584 dont
450 4537 628 4588 l'snniversaire
647 4539 725 4586 demit
742 4551 768 4585 sa
786 4536 845 4586 istro
861 4535 920 4582 dans

250 4611 335 4674 l'tglise
346 4615 537 4676 mitropolimins
550 4614 586 4678 (V.
599 4619 715 4679 ‹ti-apris,
726 4617 750 4663 Ρ.
761 4616 783 4663 J.
794 4624 822 4662 n·
835 4613 882 4676 lo).

279 4691 313 4754 (5)
329 4693 362 4740 Le
385 4702 511 4743 mammem
530 4696 559 4744 de
580 4697 684 4745 Tiribsat
709 4697 738 4744 de
756 4693 918 4750 temtum,

240 4767 371 4830 eunome,
381 4779 451 4831 ports
463 4773 484 4820 la
496 4774 551 4821 daie
559 4775 591 4822 ds
598 4777 628 4822 tt
638 4773 685 4822 anai
695 4775 753 4820 1117
764 4768 920 4833 (virelinse

240 4844 502 4906 instrumentalem
518 4851 612 4913 Rhose,
621 4851 730 4904 tranire
741 4851 812 4918 Agar,
827 4847 919 4896 ratane

209 4953 211 4956 -
249 4937 280 4973 u⁰
293 4930 326 4998 q).

1029 2983 1065 3046 (6)
1081 2984 1117 3032 On
1125 2985 1170 3032 soit
1181 2983 1239 3048 qu'il
1248 2984 1305 3031 erait
1316 2983 1344 3030 de
1356 2989 1476 3039 ocultum,
1489 2980 1548 3027 (lans
1560 2981 1593 3027 les
1603 2981 1662 3042 igli-

997 3079 1042 3123 ses‚
1055 3078 1084 3111 su
1108 3067 1260 3124 moyen-ipa,
1284 3061 1420 3120 d'sttaelter,
1439 3075 1468 3106 su
1488 3071 1575 3118 moyen
1592 3059 1661 3107 dune

994 3145 1086 3202 chaine,
1096 3143 1143 3192 soit
1160 3156 1206 3190 aux
1221 3142 1312 3202 pilioni,
1323 3140 1370 3187 soit
1382 3153 1428 3186 aux
1445 3139 1529 3196 nutele,
1545 3139 1578 3184 les
1589 3137 1661 3185 lieres·

993 3223 1052 3270 dont
1062 3222 1150 3282 lusspe
1162 3221 1240 3268 deerit
1250 3223 1300 3268 etro
1319 3232 1430 3266 commun
1447 3221 1526 3268 ilaus
1543 3215 1577 3263 les
1586 3217 1660 3265 clercs

993 3310 1024 3344 oo
1036 3299 1050 3342 1
1062 3303 1116 3344 tous
1127 3295 1161 3342 les
1172 3295 1261 3341 llddles.

1024 3371 1058 3434 (7)
1075 3372 1208 3419 Gallicane
1217 3371 1245 3418 de
1257 3369 1412 3430 lentiliacus,
1424 3370 1533 3425 riunire,
1547 3368 1659 3416 rivellen

993 3453 1063 3498 litt.
1077 3449 1381 3512 (timenutensium,
1400 3455 1417 3496 t.
1437 3451 1480 3507 ¹⁸²,
1498 3461 1521 3508 p.
1543 3449 1583 3493 lat
1597 3446 1625 3492 de
1637 3447 1658 3492 lo

992 3532 1018 3575 2²
1032 3527 1128 3590 partie.)

1023 3606 1057 3669 (8)
1066 3607 1199 3654 Guilluume
1208 3606 1237 3653 de
1247 3605 1315 3666 Sors,
1325 3605 1363 3652 liu
1372 3605 1401 3652 de
1409 3603 1543 3652 duilium
1552 3603 1581 3650 de
1590 3601 1659 3658 aare,

992 3685 1117 3744 circumice,
1142 3685 1176 3732 lut
1203 3684 1302 3731 d'ebord
1321 3685 1419 3730 alterutra
1438 3680 1596 3743 (lios-lito,
1617 3681 1662 3728 ile·

992 3763 1103 3822 nestrier,
1124 3761 1183 3809 lliet.
1205 3774 1272 3809 cons.
1293 3761 1322 3808 de
1347 3761 1422 3821 hyon,
1441 3771 1553 3821 preuves,
1570 3773 1595 3818 p.
1616 3763 1660 3812 155,

992 3841 1082 3900 Severi,
1096 3841 1207 3898 Archiep.
1220 3839 1305 3900 bugd„
1323 3853 1348 3900 p.
1362 3837 1428 3901 ila),
1445 3837 1500 3898 puis
1514 3835 1661 3884 orchidiuere

991 3919 1084 3966 etenlin
1093 3919 1239 3979 archcvdque
1249 3919 1277 3964 de
1289 3917 1356 3978 Lyon
1366 3915 1386 3977 (l
1393 3915 1457 3978 oto).
1466 3915 1486 3962 ll
1496 3921 1592 3962 mourut
1601 3914 1622 3960 le
1631 3917 1661 3958 ili

992 4000 1126 4059 septembre
1137 4000 1206 4045 lito.
1221 3997 1258 4059 (1.
1271 3997 1331 4044 odi.
1344 3995 1444 4052 Christ,
1455 4001 1471 4040 l.
1485 3993 1529 4050 11)
1540 3993 1572 4039 Lo
1584 3991 1668 4050 liure:

991 4075 1052 4122 tlist
1065 4075 1147 4122 ecelis.
1162 4088 1185 4134 p.
1203 4071 1266 4134 lat.)

1023 4151 1056 4214 (9)
1074 4153 1183 4200 Persem}
1201 4152 1230 4198 de
1245 4153 1277 4198 Lo
1289 4151 1355 4210 Palu,
1374 4148 1412 4196 llis
1431 4147 1459 4193 de
1479 4145 1566 4195 Girard
1584 4146 1613 4194 de
1629 4147 1661 4193 Le

992 4233 1057 4291 Palu,
1070 4231 1195 4290 chevalier,
1210 4229 1323 4292 seigneur
1334 4229 1363 4275 de
1375 4219 1519 4284 Varembou',
1536 4225 1565 4272 de
1578 4225 1661 4271 1111111-

992 4318 1067 4370 mont‚
1086 4309 1115 4356 de
1136 4309 1282 4371 Bouligneuir
1312 4315 1336 4354 et
1355 4306 1384 4352 de
1403 4304 1485 4352 Tussis
1503 4303 1661 4366 (lielencourt,

991 4391 1083 4448 litasse,
1105 4390 1131 4434 δ’
1150 4391 1235 4448 pariis,
1253 4401 1277 4449 p.
1292 4385 1358 4449 287),
1379 4385 1415 4432 lot
1432 4397 1489 4444 recu
1506 4382 1623 4430 ehanoine
1634 4381 1662 4426 de

991 4469 1079 4531 l'tglise
1093 4468 1284 4529 metropollmine
1293 4479 1347 4514 vers
1359 4467 1420 4511 ltus
1431 4467 1456 4510 at
1470 4469 1578 4520 mourut,
1591 4475 1661 4508 sser-

991 4555 1045 4608 pant
1059 4547 1094 4596 les
1109 4547 1227 4594 lonotions
1238 4548 1267 4592 de
1279 4546 1421 4602 clamosior,
1435 4541 1457 4588 la
1468 4543 1482 4588 i
1492 4541 1547 4602 juin
1561 4541 1631 4588 lui.
1644 4538 1662 4586 ll

992 4627 1133 4676 latiniano
1149 4628 1207 4674 duris
1223 4627 1244 4674 lu
1261 4624 1406 4684 anthimum,
1422 4625 1479 4685 pris
1495 4622 1524 4670 de
1539 4619 1661 4680 llrorlope.

992 4707 1027 4754 Ba
1038 4711 1114 4767 temps
1126 4706 1155 4756 de
1166 4707 1313 4762 Guieienon,
1327 4717 1360 4752 on
1368 4702 1432 4750 liseit
1442 4713 1486 4748 aar
1495 4711 1540 4747 son
1551 4697 1661 4748 umus

993 4789 1152 4850 l'iosaription
1164 4788 1288 4836 mirante:

1033 4906 1091 4975 liic
1100 4903 1187 4994 jocel
1202 4901 1319 4970 nolitis
1332 4893 1661 5052 dorninusql’crceoul-
