4300 6054
490 825 544 888 llo
791 839 959 892 nomnium
980 837 1019 886 on
1040 819 1175 886 u’bcnrse
1195 835 1235 884 nn
1257 833 1598 883 tion-surianam.

486 963 582 1023 Frenz
598 957 649 1039 ll),
671 971 764 1036 super
782 959 947 1034 sagonam,
969 955 1054 1034 quod
1071 951 1365 1031 conquerementiue
1382 950 1441 1014 luit
1463 950 1586 1014 unitum
1599 949 1638 1014 dc
1657 947 1786 1014 consilio
1808 949 1903 1012 metus

486 1051 613 1138 capituli
624 1051 847 1118 obedientiario
861 1051 899 1114 de
915 1053 1012 1114 Frenz
1030 1055 1062 1112 st
1075 1049 1113 1112 de
1132 1047 1263 1113 Cbnlens
1282 1045 1336 1128 (il,
1353 1046 1406 1110 tali
1427 1045 1601 1110 conditione
1622 1046 1705 1126 quod
1728 1047 1903 1126 quicunque

485 1153 599 1218 fuerint
608 1149 824 1214 obedienciarii
841 1147 976 1228 predicta
986 1144 1209 1210 obedienciarie
1222 1144 1335 1208 iaciant
1353 1141 1602 1206 distributionem
1616 1141 1689 1206 dicti
1702 1144 1902 1207 anniversarii

485 1257 515 1312 et
528 1247 697 1329 percipiant
708 1246 740 1308 in
756 1244 876 1308 duobus
888 1243 966 1322 paiis
983 1241 1089 1320 viginti
1106 1238 1361 1304 solidoslorcium
1376 1236 1535 1302 annuatim
1553 1237 1586 1302 iu
1604 1237 1792 1318 adiutorium
1811 1239 1902 1302 anni-

485 1343 611 1408 versarii
623 1339 799 1422 supradicti.
816 1341 893 1404 item
913 1335 1024 1418 legavit
1040 1337 1154 1402 fabrice
1172 1335 1299 1413 majoris
1312 1334 1438 1399 ecclesie
1459 1335 1617 1413 sexaginta
1628 1333 1743 1400 solidos
1757 1338 1902 1399 viennen-

486 1443 578 1504 sium.
609 1443 685 1502 ltem
707 1437 816 1516 majori
843 1433 1009 1500 elemosine
1033 1433 1256 1514 quinquaginta
1275 1431 1499 1494 mornautesios
1519 1431 1661 1512 siliginis.
1691 1434 1771 1496 Item
1791 1433 1901 1497 minori

486 1536 652 1604 elemosine
677 1534 782 1597 decem
811 1530 905 1596 libras
930 1531 1143 1595 viennensium
1165 1527 1335 1608 erogandas
1367 1527 1554 1607 pauperibus
1576 1529 1685 1594 diebus
1705 1530 1825 1594 sabbati
1848 1547 1902 1610 per

487 1623 716 1698 elemosinarius
731 1627 950 1706 congregandis
968 1627 1001 1689 in
1018 1625 1177 1690 relectorio
1201 1622 1407 1702 Lugdunensi.
1430 1626 1506 1686 Item
1527 1624 1658 1690 instituit
1678 1625 1808 1690 heredes
1832 1643 1902 1690 suos

487 1729 648 1794 dominum
666 1730 790 1791 Petrum
805 1723 1009 1799 cbamarcini,
1025 1721 1156 1785 militem
1174 1719 1225 1802 (3),
1239 1725 1270 1783 et
1283 1719 1459 1794 airardum,
1476 1721 1601 1784 tratrem
1615 1721 1681 1799 ejus
1703 1723 1754 1804 (tl,
1771 1725 1900 1786 canoni-

392 1895 395 1902 ,
487 1843 559 1891 oum
570 1824 811 1904 Lugdunensem,
828 1825 952 1900 nepotes
966 1835 1049 1893 suos,
1065 1824 1097 1880 et
1110 1817 1225 1880 eisdem
1241 1817 1311 1895 jure
1325 1816 1524 1880 institutionis
1536 1815 1662 1898 reliquit
1673 1819 1800 1882 domum
1814 1837 1901 1882 sumn

488 1925 526 1988 de
537 1926 617 2002 Lapa
626 1935 695 1985 cum
705 1919 768 1982 suis
777 1917 899 1997 juribus
915 1922 945 1978 et
959 1913 1155 1995 pertinenciis
1165 1919 1194 1976 et
1207 1911 1312 1975 omnia
1323 1913 1404 1977 bona
1414 1929 1470 1976 sna
1480 1913 1706 1992 patrimonialia
1719 1917 1900 1991 immobilia,

488 2035 547 2098 que
557 2017 691 2082 babebat
702 2017 732 2078 in
744 2013 914 2094 parrochiis
924 2011 1025 2075 Sancti
1035 2009 1158 2073 Genesii
1172 2006 1266 2074 Vallis
1279 2007 1330 2090 (5),
1347 2008 1509 2088 d’lrignins
1525 2009 1577 2089 (6),
1591 2009 1630 2096 de
1642 2010 1790 2074 Brieudns
1811 2012 1850 2092 (7)
1871 2019 1901 2074 et

487 2117 631 2196 d’rlulyns
643 2112 693 2194 (8),
706 2117 736 2174 et
748 2115 816 2174 octo
835 2108 950 2172 solidos
963 2105 1171 2170 viennensium
1189 2103 1345 2168 censuales
1363 2104 1445 2182 apud
1461 2106 1559 2168 Gnson
1583 2105 1634 2186 (9),
1660 2107 1713 2170 tali
1728 2109 1901 2174 conditione

487 2213 569 2294 quod
589 2210 715 2292 predicti
728 2205 867 2279 beredes,
884 2204 935 2266 ubi
953 2202 1090 2266 viderant
1103 2199 1255 2282 expedire,
1268 2200 1348 2263 inira
1361 2200 1522 2266 biennium
1535 2209 1602 2282 post
1617 2203 1736 2268 obitum
1749 2221 1851 2282 suum,
1867 2207 1899 2270 in

489 2309 632 2389 predictis
655 2305 746 2369 rebus
766 2301 932 2366 assiderent
946 2304 976 2362 et
991 2299 1180 2376 assignarent
1198 2294 1325 2360 ecclesie
1344 2296 1538 2375 lugdunensi
1557 2298 1589 2360 in
1608 2301 1718 2362 annuis
1732 2299 1901 2366 redditibus

487 2423 540 2471 sex
560 2405 655 2472 libras
684 2398 895 2464 viennensium
918 2411 989 2458 cum
1006 2395 1097 2474 pleno
1116 2393 1253 2458 dominio
1268 2393 1306 2456 ed
1327 2409 1405 2474 opus
1423 2395 1547 2458 secundi
1566 2397 1764 2460 anniversarii
1786 2400 1843 2472 sui,
1870 2399 1901 2462 in

486 2504 592 2567 eedem
606 2499 744 2572 ecelesia,
761 2495 849 2558 annis
863 2490 1004 2571 singulis,
1022 2496 1169 2572 perpetuo
1182 2488 1313 2552 lactendi
1330 2505 1393 2552 une
1409 2505 1479 2553 cum
1496 2491 1557 2553 alio
1568 2493 1777 2557 anniversario
1794 2509 1903 2574 supra-

487 2601 578 2664 dicto.
592 2599 629 2662 Et
642 2594 738 2660 voluit
749 2597 778 2656 et
793 2589 929 2671 precepit
943 2586 1025 2668 quod
1040 2585 1112 2649 dicti
1124 2584 1253 2648 heredes
1264 2585 1344 2648 intre
1360 2585 1476 2650 dictum
1485 2586 1644 2652 biennium
1657 2587 1775 2654 solvant
1788 2590 1901 2660 dictum

487 2691 742 2766 anniversarium,
761 2685 821 2751 nisi
840 2684 965 2748 iuterim
987 2683 1067 2748 dicte
1081 2697 1134 2745 sex
1149 2678 1226 2744 libre
1242 2682 1400 2746 censuales
1418 2683 1549 2748 tuissent
1562 2687 1724 2765 assignate.
1744 2689 1823 2752 Item
1841 2695 1901 2753 tres

448 2767 581 2855 'libros
590 2785 822 2857 ecclesiasticos,
835 2779 1055 2860 qnosbabebat
1066 2778 1097 2840 in
1108 2777 1241 2856 bospitio
1250 2793 1316 2855 sno,
1328 2779 1407 2844 tradi
1418 2785 1554 2864 precepit
1563 2782 1697 2863 capitulo
1707 2784 1901 2864 Lugdunensi
2016 2779 2020 2790 '

487 2888 526 2950 ad
539 2903 618 2966 opus
628 2880 757 2946 ecclesie
772 2882 951 2940 memorata.
963 2877 1040 2938 Item
1055 2870 1216 2935 voluerunt
1228 2873 1357 2952 predicti
1368 2875 1496 2941 heredes
1510 2879 1595 2958 quod
1607 2877 1784 2960 capellanus
1799 2883 1901 2947 Sancti

485 2977 623 3046 Romani
633 2973 666 3040 in
683 2976 743 3039 isto
757 2969 890 3036 secundo
902 2967 1109 3040 anniversario
1122 2965 1245 3048 plenam
1259 2968 1371 3034 babeat
1385 2975 1640 3052 procurationem.
1655 2976 1792 3042 -Obiit
1810 2975 1899 3042 Guil-

487 3077 598 3144 lelmus
608 3080 637 3146 et
646 3077 766 3140 Petrus.

526 3203 643 3266 Nonis.
660 3226 738 3249 -·-
758 3192 907 3256 Obierunt
935 3189 1121 3268 Stephanus,
1145 3187 1296 3264 sanemus,
1316 3221 1358 3238 -
1374 3196 1405 3254 et
1420 3193 1528 3256 Petrus
1541 3194 1621 3258 bone
1634 3197 1793 3272 memorie,
1809 3231 1851 3242 -
1872 3202 1901 3260 et

486 3293 636 3362 Rodnlius
646 3291 684 3355 de
693 3289 835 3354 borbone
849 3285 871 3369 (l
880 3285 921 3366 0),
935 3285 987 3365 qui
998 3283 1081 3348 dedit
1095 3285 1205 3346 Sancto
1221 3284 1379 3364 Stephano
1391 3285 1550 3354 dimidiam
1561 3290 1720 3356 marcham
1731 3295 1862 3373 argenti,
1873 3301 1902 3356 et

400 3407 404 3418 ’
486 3395 525 3457 ad
547 3389 769 3456 edificationem
788 3381 914 3449 ecclesie
937 3381 1039 3447 Sancti
1061 3378 1211 3458 Stephani
1229 3385 1349 3460 septem
1366 3379 1492 3458 solidos,
1516 3390 1547 3447 et
1565 3385 1598 3450 iu
1616 3385 1784 3450 elemosine
1805 3404 1902 3452 unum

478 3489 652 3574 ¹sertorium
666 3499 796 3556 annone,
809 3479 882 3544 etin
899 3475 1107 3557 adquisitione
1121 3473 1159 3536 de
1173 3472 1379 3555 Rocbntnillia
1392 3476 1552 3544 dimidiam
1567 3495 1704 3546 marcam
1717 3485 1852 3564 argentm
1863 3519 1902 3532 -

486 3591 523 3650 Et
535 3591 641 3650 Petrus
655 3579 786 3644 Atcnultl
798 3579 876 3642 bons
886 3573 1044 3645 memorie,
1057 3571 1202 3649 magister
1212 3587 1379 3650 puerorum
1392 3571 1463 3654 (tt),
1478 3575 1531 3654 qui
1544 3575 1628 3640 dedit
1638 3577 1675 3640 ad
1690 3579 1902 3658 opusmajoris

518 3787 553 3850 (t)
570 3789 602 3836 be
619 3789 697 3836 aPort
710 3786 739 3834 de
758 3785 832 3832 Fraus
845 3800 859 3826 v
877 3775 971 3840 nepeed
982 3773 1013 3822 vlu
1031 3771 1152 3821 territnire
1235 3770 1348 3836 (dhone).

488 3871 518 3918 dv
528 3869 550 3918 le
572 3865 744 3917 commonente
762 3864 868 3920 luteae,
888 3864 974 3906 centon
994 3852 1024 3902 de
1044 3849 1153 3900 tavaux
1265 3849 1300 3913 (t)
1316 3851 1424 3912 driades,
1438 3861 1524 3902 centon
1536 3854 1565 3914 de
1576 3855 1716 3918 leugues-ey
1726 3855 1838 3920 (nenne),
1862 3911 1866 3922 ὁ

490 3947 565 4010 (bin).
1273 3927 1308 3993 (8)
1333 3929 1440 3992 0ulllns,
1463 3941 1549 3980 centon
1572 3934 1608 3982 ele
1640 3935 1902 3984 seint-Genis-Lerel

519 4026 553 4089 (t)
571 4024 691 4082 Chaleion,
709 4027 794 4070 centon
815 4017 844 4066 de
862 4007 1153 4066 sntnctrtvteevnnttot-
1234 4005 1347 4070 (dhone).

488 4119 563 4167 girans
577 4102 653 4166 (Ain).

421 4203 422 4206 ¹
528 4183 561 4246 (δ)
582 4183 664 4231 Pierre
683 4181 712 4227 de
730 4175 883 4236 Cbnnrvreln,
905 4175 1032 4233 chevalier,
1056 4170 1098 4235 qul
1118 4179 1154 4218 eet

488 4263 624 4317 mentioned
646 4257 766 4320 plusieurs
776 4255 823 4304 lule
833 4253 891 4302 dtus
913 4253 935 4300 le
945 4251 1080 4302 Cennlvlre
1095 4263 1152 4298 mes.

1266 4087 1300 4151 (t)
1317 4089 1518 4148 Convenerunt
1531 4091 1560 4140 de
1568 4091 1674 4140 lleuville
1683 4091 1796 4156 (mne).

1265 4167 1316 4232 (ld)
1332 4169 1431 4218 untvtte
1444 4170 1473 4218 de
1488 4171 1610 4232 Boubon,
1623 4173 1665 4234 qul
1676 4174 1827 4235 apparteneit
1840 4177 1903 4223 tres·

1234 4248 1437 4312 probeblenentt
1445 4249 1553 4300 i'illnstre
1563 4251 1652 4300 rumille
1660 4251 1702 4300 des
1712 4252 1773 4300 elren
1783 4251 1813 4302 de
1823 4251 1903 4302 Bour-

407 4391 412 4398 ,
488 4341 596 4400 d'ninny,
615 4337 673 4386 tivit
694 4334 862 4397 possessionen
886 4345 917 4380 en
940 4330 1061 4394 Lynpnele
1079 4335 1106 4378 et
1124 4341 1153 4376 en

489 4417 658 4559 Do(llllbesssirnrd
669 4487 864 4550 (inebriaturus,
876 4459 1084 4554 obtenuerunt·
1096 4485 1154 4534 dens

489 4577 512 4623 ln
526 4571 662 4622 eetbtdrele
673 4581 706 4616 un
718 4568 781 4616 autel
792 4579 822 4614 tn
834 4567 959 4616 l’bonneut·
974 4565 1003 4613 de
1014 4565 1078 4616 seint
1086 4563 1156 4612 levu-

489 4657 594 4719 Bsptiste
609 4659 633 4701 et
651 4651 681 4699 de
699 4649 762 4699 velut
775 4649 884 4710 Etleune,
895 4660 951 4697 eree
966 4653 1051 4710 quatre
1061 4647 1154 4710 pretrei

490 4747 554 4799 pont·
561 4733 583 4781 le
596 4729 723 4790 (letteren,
740 4735 764 4776 et
777 4733 836 4780 tetta
847 4726 869 4774 le
880 4728 911 4774 to
926 4725 974 4774 urei
989 4726 1059 4776 ibib.
1071 4722 1152 4788 (teeti

491 4815 523 4872 du
533 4813 623 4868 Rbbne,
632 4809 704 4870 Ager,
717 4805 765 4855 vol.
777 4807 801 4866 5,
810 4813 839 4854 ιιο
848 4801 898 4867 li.)

530 4891 565 4955 (tt)
581 4883 823 4946 Saintaefienielnvnl,
832 4883 1068 4934 erroediesetnentde
1077 4881 1151 4945 lyon.

529 4971 565 5048 (a)
591 4969 687 5032 lrigoy,
713 4972 799 5015 mnton
829 4963 858 5017 de
889 4961 1152 5023 Silet-Geuis-Levvl

1233 4328 1291 4389 bon,
1300 4327 1451 4378 develtvlvre
1460 4341 1514 4377 vere
1523 4327 1545 4378 le
1553 4329 1635 4378 milieu
1644 4331 1676 4380 du
1687 4340 1733 4379 xit·
1740 4331 1820 4393 vicele,
1832 4333 1904 4394 pnls-

1233 4405 1290 4468 qo’ll
1303 4405 1429 4456 eontrlbue
1442 4409 1456 4456 t
1474 4405 1633 4470 luepulsltlnn
1649 4407 1678 4456 de
1690 4409 1713 4456 le
1723 4409 1862 4471 seigneurie
1875 4409 1904 4458 de

1234 4485 1398 4546 linebetelllte,
1410 4486 1553 4550 ecquleltlou
1570 4487 1613 4550 qvi
1635 4489 1671 4536 lut
1684 4489 1740 4536 trite
1750 4501 1795 4550 per
1806 4489 1905 4552 legitve

1234 4563 1342 4704 euml).
1352 4561 1389 4627 (V.
1402 4563 1550 4624 antennor,
1559 4565 1620 4624 tuse.
1633 4567 1662 4614 de
1671 4565 1763 4627 brecco,
1772 4569 1799 4614 t·
1814 4567 1903 4630 perite,

1234 4655 1259 4704 p·
1320 4675 1326 4689 ⁸
1765 4663 1768 4668 .

1264 4717 1314 4782 (tt)
1332 4719 1365 4768 ce
1381 4719 1462 4768 Pierre
1474 4721 1617 4784 landipus,
1629 4722 1671 4784 qul
1683 4735 1713 4770 ne
1727 4720 1779 4769 doit
1796 4735 1841 4784 pes
1852 4723 1906 4770 etro

1233 4797 1353 4848 contendo
1363 4811 1419 4847 evec
1431 4811 1463 4848 ue
1479 4799 1594 4850 mecine
1610 4801 1643 4848 du
1658 4804 1812 4860 mecoenate,
1829 4793 1909 4848 vivelt'

1233 4878 1265 4926 du
1282 4885 1358 4940 tempe
1368 4879 1397 4926 de
1411 4877 1757 4944 inneneuuendiun
1777 4881 1848 4928 tttt.
1864 4877 1903 4940 (t,

1233 4957 1349 5024 el-eprea
1358 4957 1383 5004 Ρ.
1393 4955 1415 5006 J.
1424 4967 1453 5006 πο
1463 4955 1499 5022 2.)
