4314 6058
846 853 953 918 stione
976 867 1231 918 monuissemus.
1272 821 1275 824 ”
1685 860 1745 921 sib

330 997 364 1044 se
374 987 405 1044 et
419 981 645 1048 moeeasoribns
657 983 721 1046 suis
734 999 800 1048 sese
813 985 1040 1068 imperpetuum
1053 985 1270 1052 iuviolabiliter
1281 994 1464 1063 senatores,
1480 993 1512 1052 et
1524 995 1630 1052 oonun
1644 1005 1700 1069 per
1712 1005 1746 1052 se

333 1077 381 1142 vel
400 1091 457 1159 per
470 1077 577 1154 alium,
594 1080 674 1144 tacto
692 1079 738 1144 vel
760 1083 864 1158 verbo,
880 1083 1037 1164 injudicio
1051 1085 1099 1148 vel
1111 1091 1205 1160 extra,
1222 1083 1399 1148 nullatenus
1411 1090 1606 1148 sexenbrros.
1618 1085 1747 1154 nanuu-

329 1174 415 1238 ciaut
430 1175 524 1239 etiam
540 1175 620 1238 dicte
638 1182 739 1256 partas
759 1178 791 1240 in
816 1179 875 1242 buc
893 1181 982 1254 lato,
1001 1195 1039 1244 ex
1056 1188 1138 1246 certe
1158 1181 1289 1246 sciencia
1301 1186 1333 1244 et
1348 1182 1406 1244 sub
1418 1181 1545 1262 prestlto
1558 1181 1743 1258 iuramento,

331 1271 476 1336 omnibus
488 1273 659 1336 ucdombus
669 1278 700 1336 et
712 1275 942 1356 exceptionibus
956 1275 1018 1341 doli
1032 1283 1063 1341 et
1074 1279 1105 1341 in
1120 1279 1245 1352 motum,
1258 1279 1406 1342 baneticio
1417 1278 1618 1341 restitutionis
1629 1279 1661 1342 iu
1672 1279 1746 1343 inte
1810 1309 1818 1324 ·

333 1381 434 1445 grum
449 1367 660 1434 constitutioni
674 1368 734 1434 boe
746 1371 798 1449 jus
815 1378 1000 1450 porrectam,
1016 1379 1047 1436 et
1060 1373 1213 1452 omuijari
1223 1374 1372 1438 aaronica
1389 1379 1420 1437 et
1433 1372 1525 1437 civili.
1548 1377 1584 1437 ln
1600 1376 1745 1454 cnjus-rai

333 1464 551 1539 testimonium,
566 1479 624 1527 nos
636 1464 736 1528 dictus
753 1469 801 1542 B„
814 1467 1057 1532 obedienciarius
1075 1471 1177 1534 sancti
1195 1471 1396 1546 lusitanos
1415 1469 1569 1550 predictus
1586 1473 1634 1546 it,
1651 1471 1746 1552 judex

333 1565 365 1626 in
379 1563 460 1628 dicta
472 1564 568 1640 curia,
585 1563 624 1626 ad
639 1581 744 1644 preces
758 1571 788 1628 et
800 1567 982 1632 instanciam
995 1567 1147 1632 dictarum
1163 1568 1306 1648 partium,
1320 1565 1422 1646 sigilla
1433 1574 1546 1643 nostra,
1559 1574 1592 1631 ut
1606 1583 1663 1632 nos
1674 1583 1747 1648 pre·

333 1660 412 1724 dicte
425 1665 526 1740 perles
540 1660 682 1740 ennesius
697 1677 851 1741 expresse,
867 1665 1044 1728 coulltmtae
1057 1665 1200 1726 universa
1219 1669 1250 1726 et
1272 1662 1395 1742 singula
1408 1664 1547 1743 predicta
1559 1669 1700 1732 mutante
1713 1665 1746 1728 in

333 1755 413 1820 dicta
426 1755 647 1836 compositione
657 1771 725 1818 esse
737 1771 819 1831 vera,
836 1763 866 1819 et
878 1773 915 1820 ea
929 1759 960 1821 in
974 1757 1118 1822 omnibus
1133 1759 1346 1837 approbantes,
1361 1757 1464 1838 sigilla
1477 1765 1582 1822 nostra
1595 1760 1746 1839 presenti-

333 1851 391 1914 bus
405 1853 513 1916 litteris
527 1852 671 1916 duximus
687 1853 882 1932 apponenda.
897 1855 1008 1918 batum
1018 1860 1048 1916 et
1061 1859 1163 1916 notum
1175 1854 1214 1917 de
1227 1869 1375 1918 consensu
1387 1855 1521 1936 partium
1532 1871 1613 1918 anno
1623 1856 1745 1919 Domini

333 1949 376 2012 l1⁰
391 1951 451 2014 CC⁰
464 1953 522 2012 L=⁰
536 1949 637 2025 tertio,
651 1964 757 2012 mense
770 1949 965 2028 septembris.

652 2040 848 2124 (Carttclairc
865 2043 1042 2109 manuscrit
1064 2053 1092 2108 et
1115 2041 1259 2127 original
1279 2041 1466 2130 datiuum
1488 2051 1624 2112 Livius
1649 2057 1679 2112 et
1700 2059 1744 2110 o0.

689 2139 952 2223 -nibtiotbtpae
962 2139 1272 2222 delooilledelpoa,
1289 2137 1453 2206 collection
1463 2146 1561 2218 Gesta,
1573 2157 1611 2208 a·
1622 2145 1706 2222 ido.)

1017 2385 1069 2442 ΙΙ

460 2542 631 2601 Testamenti
646 2539 684 2603 dc
703 2535 905 2603 Gotdemard
918 2535 955 2602 de
971 2543 1074 2613 lares,
1092 2534 1271 2602 cbaetoricr
1286 2536 1323 2600 de
1341 2535 1459 2621 l'dpliee
1473 2537 1510 2602 dc
1524 2545 1622 2620 Lpou.

919 2675 956 2736 lii
971 2688 1054 2734 murs
1072 2673 1159 2734 tiit.

371 2800 546 2864 innomine
561 2801 662 2866 Patris
672 2808 703 2866 ct
720 2800 790 2866 Filii
807 2809 838 2866 et
852 2803 985 2883 spimtns
1000 2804 1114 2868 Sancti.
1130 2804 1239 2866 Amen.
1253 2803 1345 2866 Anno
1356 2801 1575 2865 iucarnationis
1589 2801 1748 2864 Domiuiee

332 2897 377 2958 Μο
388 2897 448 2960 dc·
459 2898 518 2958 L¹¹⁰
531 2904 651 2976 quarto,
667 2899 738 2962 idus
748 2901 866 2974 marcii,
882 2915 940 2980 ego
950 2899 1172 2974 Gandemaru's,
1189 2899 1375 2962 camerarius
1384 2897 1607 2976 Lugdunensis,
1624 2897 1655 2958 in
1667 2896 1748 2960 bona
1789 2887 1798 2906 '

329 2999 361 3056 et
374 3008 448 3056 sana
461 2995 611 3057 memoria
624 2996 816 3071 constitutam,
831 2995 1012 3060 infirmitate
1025 2999 1128 3056 amen
1148 2993 1287 3072 corporis
1301 2993 1451 3069 detentus,
1470 2993 1580 3056 timens
1604 3007 1643 3054 ue
1657 2990 1749 3056 deec-

330 3087 403 3152 dam
414 3089 576 3154 intestatus
589 3105 660 3152 cum
675 3090 795 3152 videom
809 3089 887 3152 mibi
901 3089 1010 3152 mortis
1025 3089 1198 3168 pericnlum
1213 3089 1353 3162 imiuere,
1372 3088 1409 3150 de
1418 3087 1510 3150 rebus
1523 3094 1554 3150 et
1567 3087 1657 3150 benis
1671 3087 1748 3150 meis

330 3186 397 3248 sinc
408 3185 633 3264 sollempnitate
642 3187 722 3264 juris
735 3185 833 3248 civilis
844 3185 973 3264 dispono
984 3184 1134 3247 etordiuo
1145 3186 1179 3248 iu
1191 3185 1275 3248 hunc
1288 3185 1432 3246 modum:
1450 3186 1485 3246 ln
1496 3183 1605 3262 primis
1614 3179 1757 3262 precipio

329 3279 479 3344 clamores
493 3297 578 3344 meos
593 3281 746 3359 pacificari
767 3281 883 3358 absum
901 3277 1078 3354 subtilitate,
1096 3280 1213 3358 absquo
1231 3281 1372 3358 strepitu,
1385 3286 1431 3342 set
1442 3279 1479 3342 de
1491 3277 1593 3358 pleno,
1606 3279 1749 3342 etomnia

330 3377 434 3440 debite
446 3393 517 3440 mea
529 3377 617 3440 reddi
639 3383 670 3441 et
690 3375 783 3448 sulvi;
800 3376 912 3440 deinde
925 3373 1008 3453 apud
1022 3375 1242 3438 monasterinm
1258 3372 1354 3438 Vallis
1373 3374 1536 3438 Benedicta
1550 3391 1652 3440 meam
1666 3373 1748 3453 eligo

329 3471 531 3552 sepulturam,
545 3479 575 3534 et
592 3473 755 3536 couventui
772 3472 870 3550 ipsius
886 3471 1065 3534 monasterii
1087 3486 1179 3532 unam
1198 3468 1340 3548 relinquo
1362 3469 1608 3548 procurationem
1622 3469 1673 3534 die
1685 3471 1746 3534 mei

328 3568 430 3634 obitas
444 3568 624 3632 leniendam.
644 3571 722 3631 Item
739 3569 839 3630 eidem
852 3566 1038 3630 monasterio
1051 3565 1195 3644 relinquo
1209 3567 1333 3644 triginta
1354 3564 1448 3628 libres
1466 3565 1679 3632 viennensium
1689 3583 1746 3648 pre

317 3665 536 3727 auuivasnrm
556 3681 625 3726 mee
642 3671 672 3726 et
689 3681 743 3743 pro
755 3662 962 3726 anniversario
977 3662 1083 3725 matris
1095 3677 1182 3738 mee;
1198 3669 1229 3724 et
1240 3661 1308 3726 vulo
1319 3665 1350 3724 et
1363 3660 1498 3741 precipio
1510 3661 1592 3740 quod
1602 3665 1747 3728 anniver-

328 3759 445 3822 sarium
455 3775 560 3823 meum
579 3761 709 3839 singuiis
722 3759 812 3822 annis
826 3759 879 3820 ssat
898 3759 931 3820 iu
952 3758 1002 3820 dia
1015 3757 1117 3821 obitus
1130 3757 1203 3832 mci,
1228 3763 1259 3820 et
1280 3757 1329 3820 die
1344 3758 1482 3836 mouenti
1503 3759 1747 3824 anniversarium

329 3857 437 3920 matris
448 3873 528 3920 mee.
544 3859 622 3920 Item
636 3855 736 3938 eidem
753 3855 938 3918 monasterio
955 3853 1105 3934 capellam
1123 3869 1224 3918 meam
1253 3871 1309 3934 pro
1326 3855 1484 3934 sepultura
1505 3871 1574 3918 mea
1591 3854 1743 3937 relinquo,

330 3969 425 4032 quem
437 3953 650 4017 executoribus
663 3953 867 4032 innueriptis
879 3952 1043 4016 nominavi.
1058 3955 1137 4014 ltasn
1157 3951 1284 4014 ecclesie
1298 3951 1496 4028 Lugdunensi
1507 3949 1648 4030 relinquo
1662 3955 1746 4016 anni-

330 4051 500 4114 versarium
522 4065 621 4112 annm
644 4046 785 4128 simplex,
807 4049 1034 4128 propterquod
1055 4049 1177 4126 assigno
1198 4047 1298 4110 eidem
1311 4045 1440 4110 ecclesie
1454 4054 1747 4126 conquerementum

330 4145 408 4210 illud
420 4147 505 4226 quod
516 4163 573 4226 ego
589 4145 736 4224 acquisivi
751 4161 768 4206 a
782 4145 895 4208 Pensio
909 4144 949 4206 de
964 4147 1054 4207 Proto
1070 4151 1101 4205 et
1116 4145 1208 4206 lintre
1228 4143 1305 4219 eius,
1322 4158 1394 4206 cnm
1408 4143 1562 4204 universis
1580 4144 1703 4222 juribus
1717 4153 1747 4209 et

331 4242 527 4322 pertinenciis
540 4242 647 4322 ipsius,
660 4241 753 4304 sitnm
768 4240 848 4318 apud
864 4241 1009 4302 Sanctum
1023 4236 1153 4302 Paulum
1162 4239 1195 4300 in
1206 4237 1333 4310 tarasio,
1344 4237 1432 4314 juxta
1441 4253 1553 4317 equam
1564 4238 1603 4302 de
1617 4237 1744 4319 Doellei,

330 4343 361 4400 et
378 4335 448 4401 volo
463 4344 494 4400 et
510 4339 647 4418 precipio
662 4337 744 4417 qnod
766 4337 914 4415 magister
927 4333 1173 4408 bartholomeus,
1191 4333 1348 4396 incuratus
1370 4331 1497 4396 ecclesie
1521 4335 1623 4396 Sancti
1644 4337 1743 4412 Pauli,

330 4437 432 4498 tenent
444 4437 475 4495 et
492 4433 646 4512 possideat
658 4433 697 4496 ad
714 4433 808 4496 vitam
827 4437 916 4496 snam
936 4433 1052 4496 dictum
1070 4435 1362 4510 conqueremeutom
1383 4435 1413 4492 et
1433 4429 1570 4494 redditus
1591 4431 1701 4512 ipsius,
1717 4442 1747 4498 et

330 4527 548 4592 laciatdictnm
561 4529 814 4602 anniversarium,
831 4529 1028 4608 prontmoris
1041 4527 1132 4590 estin
1142 4523 1489 4603 ecolesiengdunensi;
1506 4529 1642 4609 precipio
1655 4531 1746 4594 etiam

330 4623 415 4704 qnod
428 4622 606 4704 capellanus
618 4625 721 4688 &uoti
735 4625 868 4696 Romani
889 4623 1100 4702 Lugdunensis
1114 4623 1226 4688 habaet
1238 4622 1397 4685 annuatim
1413 4623 1444 4684 iu
1460 4623 1520 4686 bec
1539 4626 1747 4690 anniversario

329 4735 419 4783 sumn
439 4717 705 4794 distributionem
723 4727 753 4783 et
766 4720 1009 4784 anniversarium
1025 4735 1145 4797 meum,
1167 4719 1291 4800 qnando
1311 4717 1364 4780 liat
1383 4720 1543 4783 anuumim
1562 4721 1595 4784 iu
1618 4721 1747 4786 eeclesia

330 4815 538 4896 lugdunensi,
562 4835 637 4898 rogo
659 4825 690 4883 et
707 4817 785 4882 illud
804 4819 872 4882 ilari
887 4818 1030 4882 similiter
1054 4820 1087 4881 in
1100 4818 1226 4883 ecclesia
1244 4817 1348 4880 Sancti
1373 4817 1505 4880 Romani
1528 4833 1584 4897 pcr
1608 4819 1747 4898 ejusdem

328 4913 457 4978 ecclesie
470 4913 674 4994 capellanum.
690 4917 767 4980 Item
782 4915 867 4994 operi
885 4913 1013 4978 eeclesia
1025 4913 1237 4992 Lugdunensis
1258 4914 1311 4974 XL
1327 4908 1443 4974 solidos
1458 4911 1673 4978 viennensium
1691 4913 1744 4992 do,

330 5007 412 5089 lego.
435 5011 544 5090 Heium
566 5011 731 5076 damonae
753 5010 890 5090 ejusdem
912 5007 1040 5074 ecclesie
1062 5008 1275 5088 Lugdunensis
1300 5005 1525 5086 auinquaginta
1539 5011 1746 5076 moraautesia
