4300 6054
504 871 560 932 lin
827 885 992 932 ιιιιιιιιιιιι
1015 887 1053 931 uu
1075 867 1209 931 s'icvnse
1231 885 1269 929 nn
1292 883 1589 929 sven-nerones.

503 1003 600 1081 pretio
620 1002 726 1080 viginti
745 999 895 1065 librarum
916 1003 1136 1064 viennensium.
1166 1004 1242 1064 Item
1265 997 1342 1062 illud
1366 1005 1658 1078 conquerementum
1680 1000 1761 1080 quod
1788 1002 1858 1064 lecit
1879 1001 1915 1066 ab

501 1101 632 1178 lingone
656 1095 853 1162 Clrnrbonelli
875 1101 908 1161 in
936 1099 1042 1162 eadem
1068 1098 1230 1178 parrochia
1258 1113 1351 1160 unam
1373 1113 1445 1158 eum
1468 1095 1604 1175 predicto
1624 1095 1791 1176 hssapllico
1820 1099 1915 1178 pretio

501 1201 632 1274 quotuor
647 1195 795 1258 librarum
809 1201 839 1258 et
853 1201 969 1274 septem
980 1203 1010 1260 et
1034 1195 1140 1258 decem
1159 1193 1327 1256 solidorum
1341 1193 1565 1256 viennensium.
1579 1195 1656 1256 Item
1677 1195 1786 1273 majori
1800 1193 1914 1258 elemo

501 1292 567 1354 sine
591 1297 714 1354 centum
739 1289 852 1354 solidos
872 1293 1003 1356 lercium
1027 1297 1175 1365 veterum,
1197 1290 1309 1352 minori
1330 1286 1496 1352 elemosine
1515 1295 1637 1351 eentum
1655 1287 1769 1352 solidos
1785 1291 1914 1354 lercium

464 1449 468 1458 ,
500 1397 646 1462 veterum,
672 1395 701 1450 et
721 1389 807 1468 operi
827 1389 964 1466 eJusdem
984 1387 1110 1450 ecclesie
1127 1394 1250 1450 eentum
1270 1385 1384 1449 solidos
1401 1386 1531 1448 lercium
1548 1391 1684 1448 veterum
1700 1387 1834 1465 reliquit,
1856 1403 1914 1466 qua

499 1485 622 1564 gageria
633 1485 789 1564 redempta
804 1491 905 1548 tamen
918 1485 956 1548 de
976 1485 1063 1548 leode
1076 1484 1212 1564 predicte
1230 1480 1357 1545 ecclesie
1377 1487 1563 1544 remanente.
1585 1483 1630 1544 De
1646 1481 1792 1560 predictis
1814 1490 1914 1545 autem

499 1582 636 1644 ducentis
649 1587 679 1643 et
695 1582 839 1644 tredecim
854 1582 941 1644 libris
960 1584 1084 1646 luerunt
1095 1581 1192 1661 posite
1204 1581 1322 1658 sepcies
1337 1577 1443 1656 viginti
1458 1585 1488 1640 et
1502 1577 1663 1641 duodecim
1678 1575 1755 1640 libre
1774 1579 1915 1642 viennen·

499 1678 579 1740 sium
591 1679 897 1756 inconquerementis
912 1680 997 1741 luctis
1015 1679 1046 1740 in
1059 1677 1238 1740 obediencia
1251 1676 1288 1738 de
1312 1674 1491 1738 Coindriaco
1510 1691 1529 1736 a
1553 1674 1678 1737 domina
1699 1673 1804 1747 Paula,
1822 1692 1915 1738 unove

499 1775 655 1854 quondam
673 1775 789 1838 domini
808 1776 959 1838 Gnidonis
981 1775 1113 1847 Girurdi,
1134 1773 1255 1848 militis,'
1272 1771 1354 1852 apud
1375 1773 1498 1850 'sepius
1517 1777 1547 1834 et
1566 1788 1584 1832 a
1600 1771 1725 1834 domino
1750 1773 1915 1836 Guillelmo

499 1872 632 1946 Gimrdi,
648 1871 755 1948 milite,
769 1873 850 1952 apud
871 1875 1047 1951 Verennay;
1066 1887 1127 1949 que
1148 1875 1405 1949 eonqucrementa
1420 1875 1492 1931 sunt
1511 1885 1632 1931 annexa
1650 1875 1748 1932 castre
1769 1887 1822 1932 seu
1841 1869 1914 1932 obe-

497 1969 615 2032 diencie
629 1969 665 2031 de
678 1970 836 2050 Copudreu
849 1985 856 2042 ;
869 1976 995 2048 etsuper
1007 1970 1094 2032 dictis
1109 1967 1370 2046 eonquerementis
1378 1971 1407 2028 et
1418 1965 1588 2028 redditibus
1598 1965 1914 2046 ipsorumconquere-

496 2071 671 2128 mentorum
687 2065 827 2145 promisit
847 2064 1015 2142 capitulum
1037 2063 1152 2124 dictum
1171 2061 1413 2123 criniversnrinm
1429 2063 1518 2123 annis
1536 2060 1667 2140 singulis
1685 2063 1912 2142 imperpetuum

497 2159 652 2224 celebrare
668 2169 697 2222 et
711 2161 834 2223 librare.
852 2160 984 2222 hesidue
1002 2177 1072 2221 vero
1084 2159 1240 2236 sexaginte
1262 2155 1340 2220 libre
1355 2159 1479 2220 luerunt
1494 2159 1590 2237 posite
1606 2159 1639 2220 in
1658 2167 1913 2239 conqueremento

497 2258 575 2320 lacto
593 2275 611 2318 a
629 2257 753 2320 domino
770 2254 986 2318 harllrolornee
1005 2257 1042 2318 de
1061 2258 1171 2316 Sancto
1196 2253 1350 2326 llareello,
1380 2254 1492 2326 milite,
1520 2255 1600 2333 apud
1619 2257 1733 2334 Syvreu
1753 2255 1805 2336 (1),
1831 2256 1912 2334 quod

496 2359 799 2432 eorrqnerementum,
820 2359 970 2429 quandum
995 2351 1034 2412 ad
1054 2351 1186 2412 valerem
1211 2349 1367 2426 sexaginta
1393 2349 1561 2412 solidorum
1582 2352 1796 2416 viennensium
1819 2353 1913 2415 annui

495 2450 642 2522 redditus,
660 2449 716 2510 luit
728 2447 912 2527 applicatam
931 2447 1073 2510 luminari
1092 2447 1194 2510 Sancti
1213 2445 1371 2524 Stephani,
1389 2452 1478 2524 prout
1493 2445 1592 2508 dictus
1612 2447 1795 2511 Guillelmus
1807 2450 1837 2510 in
1858 2467 1912 2510 suo

494 2546 645 2608 ordinavit
667 2551 856 2608 testamento.
878 2577 917 2588 -
936 2547 972 2606 Et
991 2541 1187 2606 Reverendus
1208 2543 1238 2604 in
1263 2542 1382 2604 Christe
1405 2548 1489 2620 pater
1510 2542 1652 2606 dornlnus
1672 2543 1856 2608 Guillelmus
1875 2545 1911 2608 de

500 2639 680 2716 belliloco,
702 2641 864 2720 episcopus
883 2640 1055 2702 liniacensis
1077 2637 1115 2718 li)
1131 2643 1160 2700 et
1181 2641 1340 2717 precentor
1362 2637 1583 2714 Lugdunensis
1605 2640 1659 2716 uui
1678 2648 1836 2718 promotus
1858 2641 1913 2702 luit

495 2739 533 2800 ad
546 2739 756 2817 episcopatum
774 2737 984 2816 supradictum
1001 2753 1054 2813 per
1075 2733 1170 2798 lelieis
1190 2733 1407 2797 reeordationis
1428 2733 1587 2796 dominum
1606 2753 1717 2814 paparo
1738 2737 1910 2798 iohannem

492 2833 646 2910 lllllllum,
678 2835 711 2896 in
733 2834 895 2906 hviniene,
914 2831 966 2892 ubi
986 2837 1057 2892 tene
1078 2830 1239 2891 residebat.
1260 2831 1297 2890 Et
1319 2829 1376 2890 luit
1395 2831 1433 2890 11ο
1453 2827 1580 2892 Kalend.
1595 2831 1666 2893 dieti
1683 2833 1806 2906 mensis,
1831 2833 1910 2912 apud

492 2929 730 2993 Villnlrnnchnm
755 2929 806 3006 (3),
828 2925 1023 3003 Lugdunensi
1043 2925 1174 3003 dyocesi,
1191 2925 1221 2986 in
1237 2925 1424 2986 revestitorio
1436 2927 1576 2986 Fratrum
1592 2928 1744 2990 hlinorum
1760 2929 1811 3009 (l),
1825 2929 1911 3008 juxta

491 3027 669 3100 sacrarium,
704 3029 845 3103 presente
865 3021 1060 3084 multitudine
1086 3018 1285 3100 prelatorum,
1307 3019 1435 3082 traditus
1453 3020 1653 3084 ecclesiastice
1670 3024 1836 3102 sepulture.
1854 3028 1909 3102 Qui

491 3121 617 3200 reliquit
631 3117 742 3196 rnajori
760 3116 886 3179 ecclesie
909 3115 1101 3194 Lugdunensi
1116 3131 1211 3176 unum
1231 3115 1474 3178 anniversarium
1493 3115 1634 3194 generale
1652 3119 1781 3198 singulis
1805 3125 1905 3198 annis,

491 3217 539 3279 die
567 3215 668 3279 obitus
688 3214 746 3288 sui,
770 3213 884 3276 ibidem
904 3218 1051 3293 perpetuo
1070 3210 1253 3274 laciendum.
1278 3213 1337 3274 Pro
1360 3227 1422 3290 quo
1450 3228 1520 3274 vero
1542 3215 1749 3278 anniversarie
1770 3217 1907 3281 faciendo

493 3312 608 3394 obligat
620 3312 745 3374 domum
760 3326 847 3372 snam
861 3325 932 3373 eum
942 3305 1130 3388 appendiciis
1138 3305 1286 3385 ejusdem,
1301 3323 1394 3384 quam
1405 3307 1497 3370 hehet
1511 3309 1543 3372 in
1558 3308 1690 3374 elassstro
1701 3311 1907 3391 Lugdunensi,

489 3426 632 3474 unacum
646 3408 736 3471 domo
749 3425 815 3482 sun,
830 3423 922 3486 quam
933 3405 1093 3485 acquisivit
1108 3421 1127 3466 a
1140 3403 1264 3466 domino
1279 3401 1451 3466 Percevalle
1471 3403 1508 3467 de
1525 3405 1648 3480 Palude,
1665 3409 1811 3472 canonice
1824 3412 1907 3490 Lug.

491 3507 619 3572 dunensi
633 3505 684 3586 (ὃ),
700 3511 731 3568 et
744 3505 804 3566 alia
817 3503 908 3566 domo
918 3520 974 3565 sua
987 3506 1016 3565 ‘et
1030 3497 1132 3566 eurhli
1151 3517 1207 3562 sno
1225 3501 1292 3562 sitis
1311 3507 1391 3563 retro
1408 3499 1576 3564 claustrum
1592 3503 1804 3582 lugdunense,
1821 3508 1908 3585 iuxta

491 3605 616 3668 domurn
635 3599 770 3666 Cluniaei
785 3607 813 3664 et
833 3601 959 3663 donnum
980 3597 1097 3662 domini
1117 3597 1268 3660 iohannis
1287 3595 1324 3658 de
1344 3597 1450 3675 Lorgo,
1475 3599 1609 3660 carrenivi
1628 3599 1841 3678 Lugdunensis
1857 3603 1906 3684 (6),

525 3817 559 3878 (1)
584 3816 860 3885 Clvrieund'hnergues,
878 3825 964 3864 centon
990 3818 1018 3863 de
1045 3818 1163 3863 timonest

497 3894 609 3957 (Rhene).

527 3973 560 4038 (2)
578 3974 710 4022 Guilleunne
731 3973 759 4022 de
772 3973 883 4035 liseujen,
896 3974 932 4020 llls
947 3975 975 4021 de
985 3975 1065 4034 Leuis,
1076 3975 1123 4022 slre
1134 3975 1163 4022 de

495 4055 607 4114 Buujeu,
619 4059 642 4100 et
658 4053 807 4112 d'Eleonore,
823 4053 869 4099 lhle
881 4053 910 4099 de
924 4054 1025 4100 Thomas
1041 4053 1071 4113 11,
1087 4061 1163 4102 comte

495 4133 525 4180 de
541 4133 635 4191 Sevole,
648 4131 683 4178 lut
694 4132 793 4178 d'ebord
810 4133 925 4178 chunoine
936 4133 964 4179 ds
980 4132 1054 4193 hyon,
1071 4134 1163 4180 ensuite

495 4211 616 4274 pre'vbtde
625 4211 773 4268 l'eurvieres,
785 4209 838 4272 puls
847 4214 988 4270 presentent·
1003 4210 1162 4274 (llio),enlln

495 4293 589 4342 perunte
604 4293 692 4350 evdque
703 4288 732 4335 de
743 4289 845 4349 Bnycun,
860 4303 904 4349 pur
915 4289 936 4336 le
948 4303 1008 4350 pape
1018 4291 1075 4337 iesu
1088 4289 1161 4344 llllll,

495 4369 517 4418 le
531 4371 558 4414 13
574 4367 660 4414 11ιιιίιιι·
676 4369 735 4413 1330
746 4365 782 4428 (V.
796 4367 828 4414 Le
844 4367 919 4426 llere,
935 4367 994 4418 llist.
1005 4369 1046 4416 des
1058 4368 1116 4415 dues
1134 4369 1163 4416 de

495 4445 608 4492 Bourbon
619 4453 644 4490 et
653 4445 694 4491 des
705 4453 794 4491 comtes
802 4444 831 4492 ate
848 4445 928 4504 Feres,
942 4447 1018 4493 editis
1034 4459 1079 4508 pur
1090 4447 1121 4493 11.
1135 4447 1163 4492 de

496 4522 661 4581 lihnntelnune,
678 4529 695 4568 t.
711 4525 755 4581 111,
776 4535 801 4582 p.
819 4525 880 4579 tlte
897 4523 1045 4584 Guiehenon,
1060 4525 1121 4574 llist.
1134 4525 1164 4574 de

496 4601 608 4660 nenses,
625 4609 642 4647 t.
660 4603 703 4660 l‘r,
717 4614 741 4662 p,
753 4600 817 4662 202),
831 4601 850 4647 ll
859 4609 956 4650 mourut
972 4616 1002 4649 en
1022 4605 1089 4663 1337,
1103 4603 1125 4650 le
1133 4607 1163 4650 26

496 4679 602 4740 octobre,
615 4677 709 4726 suivant
721 4686 791 4725 notre
803 4677 935 4734 Obitueire,
947 4687 971 4728 et
982 4681 1002 4728 le
1014 4683 1053 4742 nt,
1070 4682 1165 4728 seirent

497 4757 559 4812 celui
570 4757 599 4805 de
611 4757 722 4817 Beaejee,
734 4757 775 4818 qui
787 4757 809 4804 le
817 4759 953 4806 mentiones
964 4773 994 4806 en
1006 4773 1044 4806 ees
1058 4765 1145 4807 termes
1156 4775 1163 4806 e

498 4857 513 4887 ι
528 4853 552 4887 vr
571 4838 624 4887 Kal.
644 4838 792 4886 Novembris.
809 4861 842 4874 -
852 4839 907 4902 lpse
925 4839 963 4886 she
978 4839 1039 4890 ebiil
1054 4840 1165 4889 dominus

497 4919 637 4968 Guillelmus
653 4919 682 4966 ele
691 4919 811 4980 belliloco,
823 4920 949 4982 episeopus
966 4919 1110 4981 Bnioeensls,
1123 4921 1165 4984 qul

499 4999 564 5058 penis
583 4998 653 5048 nobis
672 4999 769 5064 triginta
793 4999 883 5048 solides
907 4999 1021 5047 debitales
1046 5014 1091 5063 pse
1116 5015 1164 5050 une

1243 3829 1318 3876 perro
1329 3817 1501 3864 anniversarie.
1519 3835 1531 3861 n
1547 3815 1670 3880 (hrehives
1682 3817 1712 3864 du
1728 3815 1820 3874 huone,
1834 3819 1909 3867 Three

1244 3893 1277 3940 du
1285 3895 1398 3956 Chapltre
1408 3894 1437 3942 ‹le
1446 3895 1568 3958 Reeup'eu.)

1274 3970 1308 4035 (1)
1325 3972 1627 4021 Villelrnnehesur-Sabne
1637 3973 1748 4038 (Rhene).

1275 4049 1309 4114 (1)
1325 4051 1368 4098 Les
1383 4052 1466 4100 hebres
1485 4053 1589 4100 llineurs
1603 4053 1632 4099 ele
1644 4053 1800 4102 Villelrenehe
1811 4063 1865 4103 sont
1876 4055 1908 4102 les

1242 4132 1360 4192 premiere
1376 4131 1491 4192 religieux
1502 4129 1531 4178 ds
1542 4139 1578 4179 eet
1588 4132 1661 4182 orslre
1672 4133 1758 4182 e'teblis
1766 4149 1796 4182 en
1813 4135 1908 4182 instes.

1242 4209 1300 4270 hey
1318 4209 1398 4268 iurent
1409 4210 1539 4258 introdults
1559 4225 1588 4258 en
1609 4215 1679 4272 ento,
1692 4226 1736 4272 per
1746 4212 1867 4262 Gulcltervl
1880 4212 1908 4260 lv

1243 4287 1272 4334 de
1292 4288 1404 4348 Benujeu.
1425 4285 1462 4348 (ll.
1482 4287 1581 4348 fodere,
1601 4289 1662 4336 llist.
1685 4289 1727 4336 vles
1744 4289 1865 4338 consents
1880 4291 1908 4338 de

1243 4365 1331 4413 l'ordre
1344 4367 1373 4414 de
1385 4367 1595 4427 Snlnt-queoisa
1608 4367 1773 4430 bibliotheque
1784 4369 1813 4416 ele
1825 4369 1910 4416 ttteeh

1243 4441 1285 4490 des
1299 4445 1407 4504 liberter,
1428 4447 1455 4492 1·
1470 4445 1541 4504 serie,
1560 4455 1580 4494 t.
1604 4448 1635 4506 33
1655 4453 1679 4494 et
1693 4447 1834 4510 Cinnanique
1849 4446 1877 4494 de
1888 4447 1910 4494 ls

1229 4523 1334 4570 'melseo
1346 4523 1375 4569 de
1394 4521 1505 4584 lisnuleu,
1516 4524 1575 4572 dnus
1594 4525 1616 4573 ln
1632 4525 1710 4572 llerue
1730 4523 1763 4571 du
1782 4523 1912 4584 Lpennsle,

1243 4606 1261 4647 t.
1271 4612 1321 4659 vrrs,
1334 4613 1358 4661 p.
1369 4599 1435 4663 tls).

1275 4678 1310 4742 (1)
1326 4679 1354 4727 v.
1367 4677 1494 4740 ciderunt,
1505 4691 1529 4741 p.
1543 4682 1582 4740 th,
1592 4687 1647 4728 nete
1657 4683 1681 4728 1.

1276 4759 1309 4822 (a)
1318 4759 1376 4806 leun
1385 4758 1414 4806 de
1422 4759 1524 4822 Longus,
1534 4759 1659 4820 cheseles,
1670 4767 1768 4808 mourut
1776 4773 1830 4807 vers
1841 4761 1911 4808 1111.

1244 4837 1264 4886 11
1272 4840 1328 4888 ltnlt
1336 4839 1398 4888 trees
1410 4841 1489 4890 nterin
1501 4839 1530 4888 de
1542 4840 1660 4888 losernnel
1676 4841 1705 4888 de
1717 4842 1806 4902 Teney,
1819 4840 1912 4888 elmel-

1244 4931 1309 4978 eenn,
1322 4923 1346 4966 et
1357 4917 1386 4966 ele
1403 4917 1536 4968 Gnlllennne
1547 4919 1576 4966 de
1587 4919 1675 4980 Tnney,
1691 4919 1818 4968 chevalier.
1829 4918 1910 4982 (herb,

1245 4999 1277 5047 vlu
1291 4999 1381 5058 neone,
1396 4998 1483 5060 mss.l,
1496 5003 1567 5061 teon,
1578 5013 1603 5062 p.
1616 4999 1666 5067 12.)
