4300 6054
439 841 449 847 ,
534 775 571 836 90
895 789 1060 840 onvrunvnu
1081 790 1120 838 uu
1141 771 1274 838 u'icmss
1295 787 1334 835 ou
1355 785 1589 836 uvore-nour.

436 4125 444 4162 l

529 923 608 986 epus
625 905 923 970 ecclesiellsolides.
937 909 1024 970 -ut
1035 906 1169 970 l'sardus
1180 905 1342 970 deBroent
1359 904 1410 986 ll),
1427 905 1590 968 canonieus
1604 909 1634 968 et
1647 903 1747 966 levita.

568 1047 625 1096 iux
648 1033 813 1096 Knvuuuns
834 1033 1035 1096 Surrentinus.
1049 1063 1128 1076 -·
1141 1030 1289 1094 Obierunt
1302 1027 1488 1106 Lngeltueus,
1511 1029 1661 1108 presbiter
1672 1028 1752 1092 boue
1773 1027 1938 1100 memorie;

528 1159 569 1174 -
590 1134 624 1190 et
655 1131 745 1206 linge
773 1129 810 1192 de
834 1129 992 1193 lllbiniaeu
1017 1127 1070 1209 (il,
1090 1127 1182 1204 lutrjus
1200 1126 1325 1190 ecclesie
1345 1130 1446 1188 custos
1464 1130 1495 1188 et
1521 1125 1621 1200 levita,
1646 1126 1700 1204 qui
1726 1125 1811 1189 dedit
1833 1127 1941 1188 Sancto

528 1225 692 1304 Stephane
712 1227 903 1305 septuaginta
918 1223 1031 1288 solidos
1059 1225 1089 1286 in
1114 1224 1228 1287 vicaria
1254 1223 1292 1285 de
1314 1221 1422 1284 Tacius
1442 1221 1481 1284 ad
1502 1221 1730 1301 procurandum
1748 1221 1939 1285 refectorium

526 1321 561 1382 in
584 1319 634 1383 die
658 1321 706 1382 sui
728 1321 938 1396 anniversarii,
964 1325 995 1383 et
1017 1318 1093 1382 duas
1116 1333 1228 1398 cappas
1252 1315 1363 1380 sericas
1393 1323 1425 1380 et
1448 1319 1489 1382 vl
1521 1315 1617 1381 albas.
1654 1351 1695 1364 -
1723 1319 1762 1380 ut
1797 1318 1938 1392 Thomas,

528 1415 635 1480 laicus.
717 1463 719 1466 -

571 1539 684 1619 g—Lt
694 1541 837 1602 dominus
849 1539 983 1604 Andreas
997 1539 1124 1618 Beguini
1138 1537 1191 1619 (3l,
1200 1535 1374 1616 capellanus
1385 1541 1550 1615 perpetuus
1560 1536 1938 1618 in·ecelesiaLugdunensi,

528 1637 583 1715 qui
594 1635 693 1698 eidem
705 1633 831 1700 ecclesia
843 1636 1038 1715 Lugdunensi
1053 1631 1187 1712 reliquit,
1200 1645 1282 1694 anno
1302 1631 1439 1709 quelibet
1452 1632 1484 1694 iu
1499 1637 1691 1712 perpetuum,
1706 1631 1869 1700 nicolaitas
1882 1637 1938 1708 sui,

496 1769 498 1776 ·
529 1730 590 1794 tale
604 1732 739 1812 legatum
754 1731 927 1798 iaciendum
948 1734 980 1794 in
999 1732 1080 1793 dicta
1103 1728 1232 1793 ecelesia
1251 1734 1281 1792 et
1300 1727 1476 1790 librandum
1498 1743 1554 1808 per
1574 1729 1639 1792 vico
1656 1731 1837 1810 magistrum
1856 1731 1937 1794 ebori

528 1827 694 1891 eeclesieiu
708 1829 792 1892 bunc
806 1829 943 1903 modum,
957 1827 1097 1890 videlicet
1110 1825 1254 1888 omnibus
1274 1823 1428 1888 canonicis
1439 1829 1469 1886 et
1490 1824 1693 1904 incorporatis
1716 1826 1797 1889 dicte
1817 1829 1939 1892 ecclesie

527 1925 580 2004 qui
593 1925 762 1990 intererunt
780 1925 818 1988 ad
839 1926 1004 1988 matutinas
1027 1925 1058 1992 iu
1084 1923 1177 1986 clioro
1198 1937 1295 2002 usque
1313 1920 1351 1984 ad
1370 1918 1475 1984 laudes
1487 1921 1706 2004 matutinarum
1716 1923 1936 1998 defunctorum,

527 2021 653 2084 cuilibet
664 2023 803 2102 ipserum
825 2021 1040 2085 canonicorum
1054 2017 1478 2098 etincorporatorumdentur
1490 2023 1521 2078 et
1542 2015 1763 2083 distribuantur
1782 2021 1938 2085 duodecim

527 2116 646 2182 denarii
661 2117 873 2180 viennensium
887 2121 1007 2178 monete
1018 2115 1167 2178 currentis
1182 2131 1237 2193 pro
1249 2119 1399 2192 tempore,
1414 2113 1456 2175 ita
1466 2113 1548 2191 qued
1562 2113 1620 2194 ipsi
1632 2115 1664 2177 in
1676 2117 1739 2179 suis
1751 2117 1938 2178 orationibus

529 2214 663 2276 animam
684 2229 772 2276 suam
799 2213 932 2275 habeant
953 2211 1205 2275 commendatam.
1227 2213 1304 2272 item
1327 2209 1487 2273 duodecim
1504 2209 1669 2289 capellanis
1690 2213 1846 2292 perpetuis
1864 2213 1938 2276 dicte

527 2309 654 2389 ecclesie
666 2311 886 2390 Lugdunensis,
901 2309 954 2388 qui
967 2323 1022 2388 pro
1037 2314 1173 2388 tempore
1183 2297 1305 2382 luerint,
1320 2307 1400 2370 dicta
1411 2307 1461 2370 die
1471 2302 1573 2370 obitas
1585 2308 1642 2382 sui,
1656 2308 1893 2387 annognolibet,
1908 2311 1937 2370 in

526 2413 721 2488 perpetuum,
731 2407 855 2471 cuilibet
869 2405 1028 2468 duodecim
1043 2405 1183 2468 denarios
1197 2403 1405 2466 viennensium
1417 2403 1502 2466 dedit
1515 2409 1544 2467 et
1554 2403 1673 2482 legavit,
1687 2405 1730 2467 ita
1742 2393 1846 2468 umen
1860 2408 1937 2486 quod

526 2503 598 2568 dicti
611 2505 759 2584 capellani
772 2505 910 2584 perpetui
923 2502 1003 2565 dieta
1013 2501 1063 2564 dia
1078 2499 1208 2579 quilibet
1218 2501 1355 2580 ipsorum
1371 2499 1501 2564 celebret
1513 2517 1565 2564 seu
1579 2501 1725 2564 celebrari
1740 2502 1831 2590 iaciat
1850 2519 1938 2566 uuam

523 2598 650 2665 missam
662 2601 874 2664 defunctorum
889 2613 944 2678 pre
955 2596 1091 2685 remedio
1102 2595 1204 2658 anime
1216 2611 1270 2658 sue
1287 2601 1317 2658 et
1330 2595 1557 2660 benefactorum
1576 2605 1605 2660 et
1620 2605 1779 2676 parentum
1802 2615 1937 2674 suorum,

523 2699 566 2760 ita
578 2697 660 2777 quod
672 2703 738 2761 octo
750 2698 842 2761 misse
851 2695 1041 2759 celebrentur
1055 2693 1087 2754 iu
1102 2691 1219 2772 capella
1230 2693 1375 2756 existente
1388 2692 1467 2756 inter
1479 2693 1556 2756 duas
1567 2695 1937 2774 ecelesiasLugdunenses,

525 2799 554 2856 et
566 2795 625 2858 alie
651 2800 783 2874 quatuor
803 2794 895 2856 misse
910 2793 942 2854 in
963 2789 1052 2852 altari
1072 2795 1102 2852 et
1114 2785 1232 2868 capella
1253 2790 1362 2852 saneta
1383 2790 1550 2854 Katltovine
1569 2791 1627 2853 sita
1640 2791 1671 2853 in
1692 2789 1820 2855 ecclesis
1840 2793 1938 2855 Sancti

525 2889 676 2952 iohannis
709 2888 930 2968 Lugdunensis.
956 2889 1034 2949 Item
1061 2883 1226 2966 capellanis
1252 2885 1453 2966 simplicibus,
1481 2885 1599 2950 clericis
1631 2893 1662 2950 et
1686 2885 1838 2951 clericulis
1860 2887 1937 2950 dicte

524 2983 648 3048 ecclesie
657 2985 710 3064 qui
721 2983 936 3048 intereruntad
944 2983 1076 3062 primam
1086 2983 1117 3044 in
1128 2983 1222 3044 choro
1230 2978 1360 3060 singulis
1370 2981 1478 3046 diebus
1488 2981 1648 3046 dominicis
1658 2990 1795 3063 tempore
1807 2983 1934 3056 lariarie,

524 3096 604 3142 anno
635 3079 772 3159 quolibet
799 3080 1024 3159 inperpetuum,
1050 3078 1185 3158 quinque
1212 3075 1327 3140 solidos
1348 3077 1562 3142 viennensium
1590 3079 1767 3142 dividendos
1796 3096 1851 3159 per
1876 3081 1937 3166 vice

523 3175 716 3254 magistrum,
731 3175 856 3238 cuilibet
880 3174 1017 3254 ipsorum
1042 3189 1139 3236 unum
1153 3172 1313 3235 denarium
1326 3173 1551 3252 viennensium,
1568 3175 1714 3258 quamdiu
1733 3175 1890 3239 durabunt
1910 3181 1938 3238 et

524 3272 635 3335 durare
646 3277 796 3351 potarunt,
813 3270 897 3336 dedit
909 3276 940 3334 at
951 3269 1070 3349 legavit.
1084 3273 1161 3333 Item
1175 3285 1285 3348 magne
1296 3265 1461 3334 elemosine
1474 3271 1600 3335 ecclesie
1613 3273 1827 3351 Lugdunensis
1843 3291 1936 3338 unum

523 3367 680 3431 bisbetum
693 3367 834 3446 siliginis,
850 3372 881 3430 et
897 3381 989 3446 parve
1006 3365 1170 3430 elemosine
1183 3363 1262 3428 dicte
1282 3363 1409 3432 ecclesie
1431 3367 1568 3452 quinque
1590 3369 1703 3432 solidos
1726 3370 1935 3434 viennensium

522 3463 607 3528 dedit
617 3469 647 3527 et
657 3461 768 3542 legavit
779 3459 1007 3542 annoquolibet
1017 3453 1049 3524 in'
1068 3468 1249 3540 perpetuum
1264 3476 1271 3533 ;
1288 3462 1342 3540 qui
1355 3461 1496 3530 bicbetus
1508 3465 1640 3544 siliginis
1647 3472 1679 3530 at
1693 3466 1831 3547 quinque
1848 3468 1935 3530 solidi

522 3560 651 3641 predicti
676 3559 900 3636 distribuantur
922 3573 978 3637 per
1002 3557 1119 3621 dictum
1144 3557 1208 3620 vica
1233 3558 1416 3636 magistrum
1446 3561 1559 3625 Christi
1585 3563 1782 3644 pauperibus,
1809 3565 1887 3628 cesis
1907 3571 1935 3626 et

522 3655 649 3728 claudis,
667 3660 759 3735 prout
770 3654 870 3717 eidem
879 3651 991 3716 melius
1005 3653 1157 3718 videbitur
1173 3653 1357 3718 laciendum.
1383 3657 1460 3720 item
1477 3657 1664 3732 custodibus,
1685 3659 1806 3724 vicariis
1819 3667 1850 3724 et
1868 3659 1938 3724 aliis

524 3751 690 3834 capellanis
721 3754 829 3816 saneta
861 3749 978 3812 crucis.
993 3747 1203 3828 Lugdunensis
1231 3750 1368 3829 quinque
1404 3751 1517 3816 solidos
1549 3753 1760 3818 viennensium
1790 3758 1937 3820 annuales

555 3967 590 4030 (l)
607 3986 621 4014 u
632 3969 753 4018 isoardus
768 3970 797 4019 de
816 3971 905 4027 Brona,
917 3987 932 4014 u
950 3983 1007 4018 mse.
1026 3969 1056 4016 de
1067 3969 1147 4018 l'sreli.
1159 3993 1191 4006 -

523 4045 590 4094 leand
601 4047 629 4096 de
642 4047 716 4108 brou,
729 4051 777 4098 issu
790 4049 860 4098 d'une
874 4045 961 4096 rumille
971 4047 1105 4110 Lyonnalse
1117 4049 1191 4096 cl'ori-

522 4126 586 4186 gine,
596 4127 653 4175 ituit
661 4128 778 4176 cbouoius
789 4141 819 4178 on
831 4131 890 4176 tatu
911 4128 1104 4190 (latetmouet,
1114 4127 1192 4176 Salut-

513 4204 590 4263 aleau,
602 4219 627 4267 p.
642 4205 708 4269 aldi).
725 4207 761 4254 En
773 4210 843 4267 tibi,
857 4207 873 4256 il
886 4207 1014 4256 sensorivit
1032 4207 1053 4254 le
1065 4214 1192 4256 walemont

522 4284 729 4334 deGeudemueds
740 4287 817 4346 israe,
827 4289 960 4338 obomerier
981 4288 1019 4351 (ll.
1032 4289 1057 4336 Ρ.
1070 4288 1082 4335 J
1086 4319 1093 4335 .
1102 4288 1189 4351 nost),

523 4371 657 4416 etmourut
674 4377 744 4416 avant
762 4371 784 4417 le
799 4371 859 4418 mols
875 4373 904 4418 de
919 4371 999 4432 juillet
1012 4373 1080 4419 tace.
1099 4373 1190 4420 dcette

490 4507 491 4514 ἵ
523 4444 633 4493 derullre
647 4445 708 4506 duta,
721 4460 750 4493 en
767 4448 830 4507 ell'et,
839 4447 923 4496 leuord
934 4449 964 4496 de
977 4449 1051 4510 bron,
1061 4462 1105 4498 sou
1115 4463 1190 4500 osveu

523 4529 547 4568 et
563 4535 606 4570 sou
618 4523 726 4584 beritier,
743 4525 922 4588 scenologia
935 4527 1126 4590 metropolitains
1138 4537 1191 4578 tout

522 4615 549 4650 es
558 4601 616 4664 qu'il
631 4603 729 4664 pouvdt
741 4605 808 4654 arole
820 4605 849 4652 ds
860 4605 925 4654 droit
937 4607 1070 4668 ibicibus,
1085 4611 1098 4656 l
1111 4609 1190 4658 Ciner-

522 4680 579 4741 pleu
590 4685 614 4728 et
627 4681 715 4729 dauels
729 4695 788 4744 pays
796 4683 825 4730 ds
834 4684 968 4746 bombast
982 4685 1004 4733 le
1014 4686 1134 4734 condition
1143 4701 1189 4750 que

522 4757 937 4824 lecbopltreseehurgsrsitdeleire
945 4763 1189 4814 lffissorl'sutalioude

523 4849 567 4898 per
575 4849 619 4884 sou
629 4837 666 4886 len
678 4838 754 4898 oncle,
767 4838 827 4888 dnos
837 4839 859 4888 ln
867 4841 1010 4902 cathedrale,
1023 4857 1052 4890 en
1064 4843 1189 4893 l'lronueur

524 4917 553 4965 de
562 4904 872 4982 selutleaml'liteugeliste,
884 4929 907 4969 et
915 4923 1189 4984 pourvolreitll'eutre-

1270 3969 1364 4020 tiendo
1384 3972 1506 4034 chepalsin
1518 3975 1613 4020 nemrod
1628 3985 1691 4035 pour
1706 3971 1730 4020 ts
1750 3972 1876 4022 desservir.
1898 3973 1934 4031 (V.

1270 4051 1335 4099 ureb.
1347 4051 1380 4100 du
1389 4051 1481 4112 lllvdoe,
1490 4051 1557 4100 llum.
1568 4051 1660 4112 Festus,
1672 4051 1719 4100 rol.
1733 4053 1772 4112 tc,
1782 4059 1811 4098 n·
1822 4050 1857 4112 t.)

1302 4129 1337 4194 (2)
1354 4147 1368 4175 s
1381 4131 1414 4178 lle
1432 4131 1542 4192 albineo,
1555 4148 1569 4177 u
1581 4146 1639 4182 mss.
1652 4131 1680 4178 de
1694 4131 1777 4180 l'oreb.
1793 4155 1825 4170 -
1836 4131 1880 4178 Cet
1890 4131 1939 4180 liu-
1980 4139 1987 4154 ·

1270 4209 1460 4274 guoetl'dlbigny
1471 4213 1507 4260 iut
1523 4213 1611 4262 tomulo
1631 4211 1672 4260 des
1687 4209 1816 4273 privileges
1828 4211 1940 4260 smerdes

1270 4287 1383 4352 elegius
1392 4289 1525 4338 Salat-Paul
1537 4289 1565 4336 dc
1582 4289 1646 4348 Lpon
1657 4302 1700 4348 pur
1708 4288 1870 4350 l'ureiseveque
1880 4288 1941 4334 Gui-
1961 4319 1967 4327 -

1269 4367 1352 4426 ebard,
1364 4381 1418 4414 vers
1431 4370 1499 4416 titt.
1518 4366 1554 4429 (V.
1575 4366 1693 4434 Originol,
1713 4368 1780 4416 arch.
1798 4368 1828 4415 du
1848 4368 1939 4426 udone,

1269 4445 1374 4494 titresds
1388 4443 1550 4507 Solet-Paul.)

1300 4522 1334 4585 (ὅ)
1351 4523 1432 4572 Andre
1446 4523 1535 4586 Begulu
1546 4523 1582 4570 lut
1592 4523 1677 4590 olveisi,
1691 4537 1721 4570 on
1736 4525 1811 4583 liu,
1821 4537 1865 4584 por
1881 4523 1941 4570 leon

1268 4601 1297 4649 ds
1309 4601 1444 4650 Ghltelerd.
1456 4601 1581 4664 ebouoioe,
1595 4617 1658 4666 pour
1668 4605 1719 4650 etse
1727 4602 1775 4650 l'un
1788 4603 1817 4650 de
1833 4617 1870 4650 seo
1883 4605 1941 4650 σιέ-

1268 4687 1364 4729 euteurs
1383 4681 1583 4730 testamentali-es.
1603 4679 1684 4744 (decb.
1705 4681 1737 4728 du
1759 4679 1854 4741 libone,
1872 4681 1939 4728 Arna.

1268 4759 1340 4822 Agar,
1356 4759 1403 4808 vel.
1420 4761 1451 4817 ⁷5
1470 4774 1528 4808 mss.
1549 4759 1567 4806 l.
1587 4763 1658 4820 otoo,
1673 4773 1698 4822 p.
1710 4763 1759 4818 ⁸⁹3
1774 4767 1799 4808 ot
1810 4760 1941 4818 riderent,

1267 4851 1293 4899 p.
1304 4840 1349 4899 88,
1361 4845 1417 4886 note
1426 4837 1460 4898 2).
1471 4838 1490 4886 ll
1500 4845 1598 4886 mourut
1613 4852 1642 4886 ou
1653 4839 1721 4884 lito.
