4300 6054
511 759 555 830 ,58
879 775 1044 824 ouruuan
1066 775 1105 824 nn
1126 758 1260 824 u'r'ronrsu
1282 773 1322 824 na
1342 772 1569 824 nvom-auru.

517 900 596 958 team
619 893 706 958 beate
730 893 824 956 ilario
845 893 979 972 Virginis
1003 908 1074 957 cum
1102 893 1230 956 cathena
1256 908 1348 956 aurea
1376 897 1406 954 et
1424 889 1551 971 reliquis
1567 889 1703 969 ejusdem
1727 891 1814 956 beate
1835 892 1925 958 ldarie

516 1005 533 1050 v
646 1038 652 1050 .

534 1007 781 1150 πΙειιοῗιιιενοιιιιηυε
795 1085 877 1166 quod
889 1100 998 1166 ymago
1010 1085 1111 1147 Sancti
1125 1083 1283 1148 Laurentii
1297 1099 1390 1164 quam
1413 1081 1493 1158 dedi,
1517 1084 1561 1146 sic
1585 1089 1709 1164 paretur
1727 1084 1809 1165 quod
1830 1091 1924 1148 tenea

515 1189 629 1246 costam
642 1183 743 1246 Sancti
758 1181 915 1246 laurencii
928 1197 988 1262 que
1000 1187 1045 1244 est
1057 1183 1166 1244 Sancto
1181 1181 1352 1261 Stephano;
1379 1197 1439 1260 que
1460 1180 1586 1261 quidem
1608 1195 1719 1260 ymago
1737 1187 1875 1246 teneatur
1894 1184 1923 1244 iu

516 1283 625 1342 sancto
659 1279 813 1358 Stephano
845 1277 891 1341 vel
922 1277 953 1340 in
980 1281 1090 1342 Sancto
1121 1277 1271 1351 iohanne,
1308 1278 1361 1340 ubi
1389 1283 1489 1342 tamen
1512 1277 1623 1340 melius
1647 1277 1780 1342 dominis
1803 1279 1924 1344 ecclesie

515 1377 753 1534 pllfflgrmdamus
766 1476 796 1533 et
808 1470 945 1549 legamus
954 1469 1053 1532 eidem
1065 1469 1189 1533 ecclesie
1201 1484 1297 1533 unum
1308 1468 1414 1533 album
1428 1469 1561 1550 pluviale
1572 1471 1611 1534 de
1625 1470 1791 1536 brodatura
1802 1473 1879 1538 tacta
1888 1473 1924 1534 ad
1959 1457 1963 1464 ’

514 1583 689 1649 compassus
703 1583 773 1631 cum
784 1568 893 1632 ambus
906 1567 996 1641 intra,
1013 1573 1043 1630 et
1056 1567 1196 1630 volumus
1210 1565 1293 1646 quod
1308 1571 1453 1645 parentur
1467 1567 1636 1630 auriiresia.

554 1691 629 1749 Item
644 1685 711 1750 loco
724 1684 807 1747 illius
821 1683 962 1765 pluvialis
978 1684 1051 1757 albi,
1065 1683 1146 1762 quod
1159 1681 1430 1746 dedimusecolesie
1441 1683 1669 1747 constancienci
1686 1685 1738 1766 (t),
1749 1689 1832 1766 quod
1842 1689 1924 1752 ordi·
2004 1727 2010 1740 ·

514 1784 685 1846 paverimus
694 1797 750 1861 pro
760 1780 1100 1858 ecclesiaLugdunensi,
1116 1778 1214 1842 eidem
1227 1777 1352 1842 ecclesie
1372 1779 1567 1858 lugdunensi
1588 1778 1726 1858 legamus
1740 1783 1873 1862 pluviale
1887 1786 1923 1848 de

515 1881 882 1943 brodaturaiactumcum
890 1876 1082 1956 grilionibus.

551 1981 627 2040 ltem
641 1977 781 2039 volumus
795 1973 877 2054 quod
891 1973 928 2036 de
940 1972 1065 2053 pluviali
1079 1971 1144 2046 illo,
1160 1971 1240 2051 quod
1253 1977 1298 2034 est
1311 1971 1425 2035 iactum
1448 1987 1518 2034 cum
1530 1971 1658 2037 lloribus
1688 1975 1756 2050 lilii,
1781 1977 1835 2038 ilat
1861 1995 1921 2041 una

512 2075 625 2150 casula,
640 2091 744 2154 quam,
760 2087 901 2136 unacum
911 2069 1073 2132 dalmatica
1084 2074 1113 2131 ct
1127 2067 1271 2132 tunicella
1282 2069 1528 2150 eiusdempanni
1538 2085 1615 2150 quas
1625 2071 1765 2136 volumus
1776 2073 1922 2156 duplicari

511 2172 548 2234 de
562 2171 679 2234 sandali
692 2170 738 2233 vel
752 2169 789 2232 de
803 2167 958 2232 vocassino
970 2171 1023 2229 aut
1035 2165 1096 2228 alio
1108 2181 1218 2245 pauno,
1235 2165 1334 2229 eidem
1348 2165 1473 2230 ecclesie
1486 2165 1605 2230 damus.
1715 2171 1717 2176 '

552 2271 628 2330 Imm
653 2267 791 2346 legamus
809 2265 908 2328 eidem
933 2262 1057 2336 ecclesie
1075 2261 1136 2324 duo
1155 2261 1298 2326 frontalia
1316 2261 1433 2342 pulcra,
1457 2279 1517 2342 que
1535 2263 1668 2327 emimus
1681 2265 1719 2328 de
1731 2269 1922 2330 ecoecucione

511 2363 627 2426 domini
652 2360 814 2424 cardinalis
842 2361 879 2424 de
902 2360 1044 2438 Tlrurcyo
1073 2359 1128 2438 (Ξ),
1153 2363 1183 2421 et
1214 2357 1246 2420 iu
1277 2358 1420 2422 omnibus
1449 2358 1631 2439 supradictis
1660 2367 1818 2440 ponantur
1840 2379 1922 2425 mma

511 2465 623 2522 nostra.

551 2559 626 2619 imm
647 2555 708 2618 duo
733 2561 834 2634 tapeta
857 2551 957 2616 velata
980 2551 1080 2615 eidem
1109 2551 1235 2616 ecclesio
1256 2551 1393 2632 legamus
1419 2568 1475 2634 pro
1506 2553 1647 2632 ponendo
1672 2553 1753 2618 circa
1777 2571 1921 2634 magnum

509 2653 614 2716 altare.

549 2752 626 2812 Item
637 2763 773 2828 pannum
787 2747 824 2808 de
835 2745 1000 2808 brodatura
1015 2745 1046 2808 in
1059 2741 1121 2824 quo
1134 2749 1179 2808 est
1191 2745 1279 2808 beata
1292 2744 1388 2808 llaria
1398 2745 1430 2808 in
1444 2745 1555 2821 medio,
1569 2751 1599 2810 et
1610 2749 1738 2811 Sanctus
1750 2747 1879 2811 Michael
1892 2753 1920 2810 et

509 2849 637 2910 Sanctus
647 2844 803 2907 iohannes
815 2842 950 2922 Baptista
961 2841 993 2904 in
1005 2856 1066 2904 uno
1081 2839 1184 2914 latere,
1200 2846 1229 2904 et
1243 2843 1370 2906 Sanctus
1381 2842 1536 2906 lohannes
1560 2843 1791 2924 Evangelista-et
1813 2847 1918 2908 Sancta

509 2943 607 3008 liaris
617 2941 795 3020 Magdalena
807 2937 846 3002 ab
858 2939 919 3002 alio
930 2937 1033 3012 latere,
1047 2937 1146 3002 eidem
1155 2939 1280 3004 ecclesie
1294 2938 1403 3003 damus
1417 2946 1447 3003 et
1459 2939 1607 3020 legamus.

548 3060 625 3120 ltonr
637 3055 732 3120 alium
744 3069 880 3135 pannum
893 3054 924 3116 in
937 3069 998 3134 quo
1012 3059 1058 3118 est
1070 3055 1160 3118 beata
1173 3055 1269 3120 llario
1283 3055 1317 3120 in
1332 3055 1438 3120 medio
1454 3062 1484 3120 et
1497 3057 1626 3120 Sanctus
1638 3059 1744 3122 Petrus
1755 3063 1785 3120 et
1796 3059 1920 3120 Sanctus

508 3152 638 3218 llathias
651 3151 690 3214 alr
705 3165 767 3214 uno
785 3149 892 3224 latere,
908 3153 1036 3214 saneim
1049 3149 1162 3214 Paulus
1179 3157 1209 3214 et
1231 3154 1359 3217 Sanctus
1376 3152 1551 3233 Stephanus
1564 3153 1603 3218 ab
1624 3154 1685 3217 alio
1702 3153 1805 3228 latere,
1824 3153 1919 3216 eidem

508 3248 634 3314 ecclesie
653 3247 761 3310 damus
778 3251 808 3309 et
822 3245 968 3325 legamus.
984 3248 1021 3308 lit
1036 3247 1109 3327 quia
1122 3245 1195 3310 dicti
1208 3248 1301 3328 panni
1315 3263 1376 3312 uon
1389 3254 1461 3311 sunt
1476 3249 1620 3329 completi
1633 3256 1664 3312 et
1680 3264 1774 3328 supra
1787 3263 1919 3330 pannum

508 3347 546 3410 do
558 3345 655 3409 serico
668 3343 770 3408 adhuc
784 3359 845 3408 nou
855 3348 926 3406 sunt
938 3341 1028 3422 positi
1043 3358 1099 3406 nec
1118 3345 1274 3423 reportati,
1288 3343 1356 3408 ideo
1373 3344 1514 3408 volumus
1528 3345 1613 3426 quod
1627 3345 1738 3410 nostris
1749 3343 1919 3425 sumptibus

507 3447 538 3504 et
550 3440 691 3522 expensis
705 3439 833 3520 predicti
846 3439 939 3519 panni
949 3439 1169 3519 compleantur,
1181 3440 1213 3502 iu
1223 3439 1335 3520 quibus
1345 3439 1487 3505 omnibus
1499 3449 1652 3523 ponantur
1663 3457 1750 3506 arma
1759 3447 1871 3518 nostra
1888 3447 1920 3502 ut

507 3537 706 3602 recordantur
719 3539 874 3616 portantes
885 3541 916 3598 et
926 3539 1013 3598 orent
1026 3537 1125 3598 Deum
1137 3551 1193 3616 pro
1208 3535 1306 3600 nobis.

546 3637 623 3696 Imm
640 3631 766 3695 domum
789 3631 826 3694 de
847 3631 1001 3710 cologneu
1026 3631 1162 3711 legamus
1180 3631 1313 3713 capitulo
1336 3633 1471 3713 eiusdem
1486 3633 1612 3698 ecclesie
1627 3633 1848 3714 Lugdunensis,
1875 3633 1917 3694 sic

505 3737 605 3794 tamen
621 3729 702 3809 quod
719 3727 950 3792 archidiaconus
963 3728 1182 3808 Lugdunensis,
1196 3730 1250 3810 qui
1263 3729 1321 3794 erit
1332 3746 1388 3810 pro
1400 3737 1547 3809 temporo,
1561 3729 1656 3810 possit
1669 3737 1699 3795 et
1711 3731 1808 3796 valeat
1828 3730 1917 3794 liabi-

505 3835 570 3891 tore
583 3826 676 3907 gratis
687 3827 719 3889 iu
729 3840 765 3888 ea
775 3829 805 3888 et
815 3823 881 3886 sine
895 3829 998 3898 custu,
1012 3839 1080 3888 eam
1094 3824 1316 3888 manutenendo
1328 3825 1392 3890 suis
1405 3825 1578 3906 sumptibus
1591 3833 1621 3890 et
1634 3827 1784 3908 expensis.
1798 3828 1830 3889 si
1846 3841 1915 3890 vero

505 3941 565 3987 non
591 3923 663 3987 velit
687 3935 755 3986 eam
772 3919 910 3984 habitae
928 3920 1023 3982 autin
1041 3935 1077 3982 ea
1091 3935 1152 3984 non
1173 3920 1313 3995 resideat,
1334 3921 1503 4002 capitulum
1524 3921 1602 3986 locet
1618 3938 1698 3999 eam,
1717 3929 1748 3986 et
1769 3921 1915 4002 quicquid

504 4021 597 4084 tuerit
608 4019 747 4082 habitum
761 4017 801 4080 sit
812 4017 844 4080 in
857 4019 1055 4098 augmentum
1068 4016 1345 4080 anniversariorum
1359 4023 1544 4080 nostrorum.
1592 4039 1596 4052 ·

543 4119 620 4180 Item
646 4114 728 4178 ultra
747 4112 882 4196 prodicta
907 4111 990 4176 dedit
1009 4111 1091 4174 idem
1112 4110 1254 4175 dominus
1272 4111 1414 4188 condam,
1437 4113 1504 4194 ipso
1522 4114 1649 4188 vivente,
1670 4113 1770 4178 eidam
1792 4112 1915 4176 ecclesie

503 4209 697 4292 lugdunensi
722 4223 815 4272 unam
841 4207 980 4289 pulcram
1001 4222 1108 4288 capam
1134 4205 1172 4272 de
1185 4221 1287 4288 panno
1309 4221 1402 4272 aureo
1425 4207 1515 4273 dudi
1538 4208 1648 4274 coloris
1666 4225 1723 4292 pro
1740 4225 1796 4272 sua
1815 4209 1915 4290 prima

503 4307 686 4388 receptione,
700 4309 758 4368 etc.

543 4407 620 4466 Item
631 4415 728 4464 unum
739 4415 886 4478 magnum
897 4400 1023 4464 calicem
1034 4401 1152 4479 argenti
1166 4399 1346 4466 deauratum
1353 4401 1573 4482 ponderantem
1584 4403 1667 4468 eirea
1669 4451 1781 4472 .........

542 4501 619 4562 item
639 4496 715 4559 duas
733 4509 859 4574 magnas
878 4495 1035 4574 ymagines
1059 4497 1175 4574 argenti
1192 4495 1352 4560 deauratas
1375 4497 1535 4562 beatmum
1558 4499 1708 4566 iohannis
1729 4505 1863 4586 Baptista
1883 4513 1916 4568 et

503 4593 649 4678 Stephani
661 4591 920 4674 prothomartiris,
938 4589 1082 4671 ponderis
1096 4591 1233 4671 quolibet
1244 4593 1324 4657 circa
1328 4640 1429 4656 ........

534 4807 568 4870 (tl
584 4807 716 4858 Consanos
731 4807 841 4874 (Saitae).
1203 4835 1207 4879 Ι
1275 4811 1309 4875 (2)
1327 4813 1484 4876 l’lrilippelll,
1497 4807 1914 4882 medulletenus-egeremus

575 4928 579 4936 .
1201 4900 1205 4968 p
1243 4891 1383 4956 delyonde
1394 4896 1475 4943 treet
1486 4897 1555 4945 itit.
