4300 6054
526 809 584 874 til
825 823 991 874 orrruarmr
1012 825 1051 873 un
1072 805 1206 873 n¹bcn1sn
1227 821 1267 874 nc
1287 821 1378 872 arou.
1390 822 1629 874 -snrrmrnun

524 943 629 1007 llaceu
641 939 684 1022 (l)
701 946 732 1004 et
752 937 877 1019 Pollyeu
890 937 942 1020 (a),
954 937 1029 1002 etin
1043 937 1309 1018 conquerementis
1322 935 1406 1018 quod
1422 937 1572 1018 ipseiecit
1585 936 1657 1020 (ile
1675 931 1817 1006 Guidone
1831 938 1940 1002 Duner

522 1035 848 1118 apicemtenuit),
863 1033 1058 1108 etlsabelle,
1072 1049 1168 1097 uxore
1184 1033 1263 1111 ejus,
1280 1039 1311 1098 et
1330 1049 1350 1096 e
1370 1033 1479 1098 Pontio
1498 1023 1657 1111 (marsala,
1677 1039 1741 1100 eta
1758 1033 1881 1098 tuorna
1901 1033 1939 1096 do

524 1134 664 1208 Chenai,
676 1133 835 1209 militibus,
851 1137 883 1196 et
900 1147 918 1194 a
935 1130 1090 1212 Stephano
1105 1129 1143 1194 de
1156 1127 1341 1196 Fonunellis
1358 1128 1411 1210 (5),
1427 1127 1602 1205 domicello,
1615 1137 1647 1196 et
1667 1131 1855 1212 quibusdam
1869 1130 1938 1196 aliis

523 1232 555 1293 iu
583 1230 777 1296 Rodennesio
793 1227 855 1312 (6);
884 1243 941 1310 pro
958 1227 1072 1309 quibos
1089 1225 1358 1307 conquerementis
1379 1225 1517 1307 precepit
1529 1225 1629 1292 dictus
1642 1227 1835 1292 llumbertus
1856 1227 1938 1306 quod

465 1315 468 1324 '
522 1324 651 1388 ecclesia
664 1325 751 1390 daret
761 1321 1068 1405 quindeoimbicbete
1081 1321 1214 1402 siliginis
1228 1323 1416 1404 pauperibus
1435 1323 1468 1388 iu
1485 1337 1566 1403 pane
1580 1323 1680 1406 prima
1697 1322 1747 1388 die
1762 1323 1936 1388 anniversa-

523 1421 640 1484 riorum
657 1435 797 1484 suornm.
816 1422 876 1484 Pro
894 1418 989 1482 tercio
1010 1433 1084 1484 vero
1106 1419 1315 1484 anniversario
1332 1434 1390 1484 suo
1409 1417 1521 1498 legavit
1539 1417 1624 1484 idern
1647 1419 1815 1484 Umbertus
1836 1417 1939 1484 eidem

523 1517 658 1592 ecclesie,
685 1532 742 1597 pro
760 1515 864 1580 aalma
884 1529 940 1576 sue
958 1520 989 1578 et
1005 1513 1170 1580 animabus
1190 1513 1421 1580 benefactorum
1431 1531 1570 1590 suorum,
1592 1516 1704 1596 septies
1722 1517 1830 1596 viginti
1843 1515 1939 1580 libras

522 1613 744 1689 viennensium,
763 1612 928 1694 dequibus
942 1612 1041 1692 posite
1064 1617 1137 1675 sunt
1154 1611 1411 1692 qnatervigintiot
1427 1612 1566 1692 quinque
1583 1609 1661 1676 libre
1679 1612 1893 1676 viennensium
1907 1613 1938 1673 in

523 1713 779 1790 conqueremento
803 1708 886 1788 quod
911 1709 982 1772 iecit
1008 1707 1089 1770 dicto
1113 1706 1250 1782 ecclesia,
1277 1707 1316 1770 ed
1337 1723 1416 1788 opus
1430 1708 1503 1772 dicti
1523 1708 1735 1784 anniversarii,
1751 1709 1835 1789 apud
1849 1712 1939 1772 blon-

523 1811 628 1885 tauaps
647 1803 1018 1886 (membresitanis
1044 1802 1201 1882 quondam
1226 1819 1322 1868 uxore
1342 1803 1490 1883 Guigonis
1508 1804 1547 1870 de
1564 1807 1662 1887 Beyes
1683 1805 1735 1887 (8),
1762 1805 1881 1882 militis,
1910 1813 1939 1868 et

522 1899 628 1964 liberis
640 1900 716 1978 ojus.
728 1899 880 1979 Resldpas
892 1915 964 1964 vero
978 1898 1106 1978 triginta
1112 1899 1251 1979 quinque
1262 1897 1358 1964 libras
1368 1901 1582 1966 viennensium
1588 1901 1746 1967 solverant
1761 1909 1939 1966 executores

522 1997 595 2062 dicti
607 1997 741 2062 defuncti
753 1996 868 2062 decano
882 1993 1070 2076 etcopitulo,
1092 2000 1122 2058 et
1143 1993 1363 2060 nichilominus
1380 2013 1435 2077 pro
1455 1995 1669 2078 supplemento
1682 1998 1938 2080 addideruntipsi

521 2095 621 2175 legato
639 2094 715 2158 alias
728 2093 855 2174 triginta
863 2097 894 2156 et
905 2092 1046 2172 quinque
1060 2091 1155 2156 libras
1165 2092 1388 2168 viennensium,
1403 2109 1481 2173 ques
1492 2093 1607 2160 eisdem
1621 2093 1736 2160 decano
1755 2101 1785 2161 et
1801 2097 1937 2178 cerritulo

524 2187 682 2255 solverunt
690 2205 747 2270 pro
762 2188 1009 2270 incorporatione
1022 2186 1096 2250 dicti
1109 2186 1321 2252 anniversarii.
1345 2189 1416 2254 Fuit
1434 2195 1537 2254 autern
1552 2189 1783 2271 incorporatum
1802 2191 1861 2256 boc
1880 2198 1938 2256 ter

522 2288 606 2350 cium
618 2285 861 2350 anniversarium
871 2283 954 2366 apud
964 2286 1065 2347 Berno
1075 2281 1114 2364 (9)
1133 2287 1163 2347 et
1177 2284 1299 2350 unitum
1309 2285 1370 2366 ipsi
1379 2286 1557 2351 obediencie
1567 2286 1605 2350 da
1615 2289 1725 2353 Berua.
1741 2291 1778 2352 In
1791 2287 1935 2370 predictis

522 2395 646 2462 quoque
666 2379 883 2444 anniversariis
900 2379 1029 2459 singulis
1054 2378 1180 2459 reliquit
1199 2379 1298 2444 dictus
1321 2381 1485 2446 Umbertus
1507 2380 1667 2465 capellano
1686 2386 1789 2450 saneti
1803 2386 1934 2450 Romani

521 2481 767 2560 procurationem
778 2495 876 2545 suam.
895 2479 1002 2560 llajori
1023 2475 1191 2543 elemosine
1204 2479 1284 2545 dicte
1297 2481 1426 2546 ecclesie
1442 2481 1548 2548 docem
1562 2481 1657 2550 libras
1670 2484 1808 2566 reliquit.
1824 2487 1934 2551 llinori

522 2575 688 2642 elemosine
712 2575 819 2640 decem
838 2575 934 2640 libras
962 2575 1184 2648 viennensium,
1214 2581 1245 2638 et
1277 2576 1365 2658 operi
1393 2576 1532 2656 ejusdem
1562 2578 1690 2645 ecclesie
1713 2580 1820 2646 decem
1841 2581 1934 2648 libras

520 2671 735 2736 viennensium
763 2669 900 2752 reliquit.
927 2671 945 2752 Β
969 2673 1048 2734 Item
1072 2670 1130 2734 iuit
1151 2669 1327 2737 ordinatum
1342 2673 1375 2736 iu
1399 2673 1534 2756 capitulo
1550 2675 1633 2756 quod
1657 2675 1874 2743 obedienciarii
1897 2678 1935 2742 do

521 2768 637 2832 Belone
656 2768 777 2832 solvant
799 2767 832 2831 in
851 2767 1011 2832 relectorio
1023 2763 1163 2846 quolibet
1177 2783 1258 2832 enno
1274 2768 1502 2852 imperpetuum
1521 2773 1680 2853 sexaginte
1701 2772 1808 2840 decom
1824 2771 1935 2838 solidos

520 2865 735 2930 viennensium
758 2864 790 2928 in
814 2863 1002 2943 adjutorium
1019 2864 1219 2930 anniversarii
1247 2865 1320 2930 dicti
1340 2869 1504 2933 Humberti
1526 2869 1565 2933 de
1591 2871 1729 2948 Quirieu,
1746 2869 1830 2951 quod
1848 2870 1935 2934 debet

521 2961 738 3037 committatus,
754 2965 784 3024 et
793 2960 876 3040 quod
891 2959 1040 3038 redditus,
1054 2975 1133 3042 quos
1144 2961 1351 3028 committebas
1359 2965 1547 3046 percipiebat
1562 2965 1645 3046 apud
1659 2965 1821 3044 Belonem,
1834 2983 1933 3032 rema-

521 3065 615 3123 neant
628 3058 858 3137 imperpetuum
869 3055 958 3122 dictis
980 3057 1211 3123 obedienciariis
1227 3058 1266 3124 de
1281 3057 1397 3124 Boione
1413 3077 1470 3142 pro
1491 3062 1636 3142 predictis
1653 3065 1811 3144 sexaginta
1831 3065 1932 3128 decem

520 3152 635 3217 solidis.
649 3155 738 3216 -Iit
765 3151 875 3230 Guido,
904 3155 1073 3220 monachus
1100 3156 1203 3220 Sancti
1225 3157 1359 3236 Remigii
1380 3159 1539 3222 llemensis
1567 3159 1648 3242 (l0);
1669 3193 1710 3208 -
1728 3161 1891 3243 Philippus
1903 3169 1933 3224 et

520 3250 662 3314 Terrious
689 3247 766 3330 (Η).
861 3313 865 3320 .

559 3388 619 3435 ιιιι.
632 3370 872 3436 -Obiarunt
885 3369 1069 3448 dudenoius,
1092 3371 1264 3452 dyaconus;
1280 3379 1361 3436 -et
1383 3373 1614 3452 Constantinus,
1635 3379 1826 3450 monachus;
1847 3367 1886 3426 -’
1904 3389 1934 3444 et

520 3475 689 3544 immarus,
703 3467 788 3548 prior
802 3469 912 3532 Sancte
924 3467 1019 3532 llario
1031 3466 1069 3530 de
1082 3469 1162 3550 lugo
1173 3469 1229 3532 Dei
1246 3467 1316 3551 lli).

559 3610 605 3656 ιιι.
618 3621 698 3640 -·-
712 3590 864 3655 Obierunt
885 3589 1036 3666 Lutarius,
1057 3592 1127 3670 pius
1144 3591 1310 3672 imperator
1324 3599 1353 3655 et
1366 3593 1537 3659 monachus
1555 3593 1637 3676 ((3);
1652 3595 1669 3676 ἓ
1684 3604 1767 3661 -et
1785 3599 1884 3662 Guido
1897 3600 1935 3662 de

494 3823 496 3830 ·
548 3806 586 3870 (l)
600 3807 728 3870 liutsienx,
737 3815 822 3858 canton
832 3811 860 3858 de
871 3809 990 3860 Trevour.

550 3885 585 3950 (2)
602 3887 726 3950 Poulleur,
736 3889 844 3952 paroisse
854 3891 1007 3953 oulourd'bul
1019 3889 1155 3954 supprimte
1163 3900 1187 3942 et

518 3969 602 4017 reunia
612 3971 626 4018 t
637 3969 660 4017 la
671 3983 796 4018 commuue
804 3970 833 4019 da
844 3971 972 4032 lleyrieux.

548 4044 583 4110 (i)
601 4047 634 4096 le
645 4050 674 4096 26
688 4039 818 4096 rati'liil.
837 4047 918 4112 (breb.
932 4051 963 4098 du
978 4051 1069 4110 llbdne,
1088 4049 1184 4110 Esdres,

1297 3813 1332 3877 (7)
1348 3813 1484 3878 llontauay,
1497 3824 1583 3866 canton
1592 3817 1621 3866 de
1631 3815 1741 3866 Trevoux
1751 3813 1825 3878 (lto).

1297 3891 1331 3956 (8)
1348 3894 1381 3941 La
1400 3881 1685 3960 tamilla-chevaleresque
1701 3895 1730 3943 de
1750 3894 1807 3957 Bey,
1823 3895 1865 3956 qui
1880 3895 1936 3942 etait

1265 3973 1456 4034 possessionum,
1473 3988 1504 4022 au
1525 3988 1578 4023 xrvr·
1595 3973 1674 4034 siecle,
1691 3987 1722 4021 en
1742 3973 1846 4022 liombes
1865 3981 1889 4020 et
1905 3988 1935 4020 en

1265 4049 1357 4112 litesve,
1370 4065 1384 4098 u
1403 4051 1483 4100 docnt
1498 4056 1512 4102 l
1525 4052 1614 4116 l'eglise
1627 4051 1820 4114 metropolitaine
1839 4067 1871 4100 un
1882 4053 1936 4099 obn-

517 4127 565 4174 vol.
575 4129 614 4189 ΞΒ,
627 4137 656 4176 ιιο
665 4127 723 4191 ¹⁸¹.)

548 4204 582 4268 (t)
598 4206 680 4268 Bolon,
693 4216 779 4258 canton
787 4209 816 4258 vla
828 4208 942 4258 lloulluel
954 4205 1029 4272 (bin).

546 4283 582 4348 (b)
598 4285 697 4336 Etiauus
707 4287 737 4336 do
748 4287 905 4348 Fontenellea,
917 4289 1063 4350 demulcedo,
1073 4297 1186 4352 apperte-

516 4363 567 4411 ueit
590 4367 605 4411 i
629 4379 676 4414 une
699 4368 816 4418 ancienne
841 4367 930 4416 lavullle
952 4367 1135 4430 eberaleresque
1156 4368 1185 4417 da

514 4443 617 4491 liorebes
635 4446 818 4507 possessionum
829 4447 888 4496 dens
898 4448 933 4496 lav
943 4447 1063 4510 ptrolstes
1074 4446 1186 4498 d'brnbd·

516 4521 592 4584 rieux,
604 4522 634 4570 de
644 4522 935 4589 Sciat-budrt-docorop
945 4533 969 4574 et
979 4525 1008 4575 de
1018 4526 1139 4590 lliouney.
1149 4530 1186 4577 lu

515 4600 576 4647 mois
587 4601 617 4649 de
627 4601 716 4652 ttvrter
724 4607 795 4665 ¹258,
812 4605 830 4653 lt
841 4605 923 4656 vendit
933 4609 946 4652 l
957 4605 1075 4654 numbers
1086 4605 1115 4654 de
1126 4607 1186 4664 Qui-

515 4693 567 4741 reu,
584 4679 617 4730 du
634 4689 813 4733 consenuerunt
831 4683 963 4746 d’lsebello,
988 4699 1014 4732 ra
1033 4685 1127 4748 lemnae,
1144 4685 1186 4735 des

514 4771 570 4807 oeus
581 4765 605 4808 et
615 4759 657 4810 des
665 4761 768 4811 sorvleea
780 4761 825 4810 dus
834 4765 848 4812 t
857 4761 942 4813 Genus.
958 4761 1039 4826 (drab.
1049 4763 1080 4812 du
1092 4763 1183 4826 buono,

513 4836 605 4899 Daniel,
615 4838 662 4887 vol.
675 4841 714 4900 li,
724 4848 753 4887 ιιο
761 4843 806 4888 (θ’.
816 4863 848 4878 ·-
856 4839 884 4888 V.
894 4841 958 4892 aussi
966 4839 1043 4890 Titres
1052 4841 1081 4890 de
1089 4842 1122 4893 Lo
1132 4843 1185 4892 Pla-

515 4916 583 4977 tiero,
592 4919 639 4966 rol.
657 4921 694 4980 lt,
707 4925 736 4966 u⁰
747 4917 782 4982 8.)

547 4993 583 5057 (o)
598 4994 630 5045 be
641 4996 761 5047 Rmnnaic
772 4997 872 5063 (Lolra).

1265 4130 1346 4193 noina,
1356 4129 1409 4194 Gay
1417 4131 1446 4180 de
1454 4133 1510 4194 Bey,
1520 4134 1562 4196 qui
1570 4141 1674 4182 destun
1688 4135 1758 4180 liti.
1768 4132 1806 4196 (V.
1821 4133 1892 4180 drab.
1903 4133 1937 4178 du

1265 4209 1358 4272 Rhene,
1370 4209 1443 4274 Agar,
1455 4211 1503 4260 vol.
1512 4215 1536 4270 t,
1546 4222 1575 4260 ιιο
1587 4217 1596 4260 l
1603 4211 1620 4275 .)

1297 4289 1332 4354 (e)
1349 4289 1473 4352 Bernoud,
1493 4293 1577 4340 ancien
1592 4293 1701 4342 ohel-lieu
1728 4295 1758 4342 do
1776 4295 1935 4352 nicodement,

1266 4369 1418 4432 aujourd'boi
1431 4371 1517 4434 simple
1528 4373 1628 4420 burneau
1643 4373 1672 4422 de
1687 4375 1709 4422 lu
1725 4374 1937 4443 oomnunedeci-

1266 4449 1359 4511 vrieux,
1372 4457 1458 4498 canton
1471 4449 1500 4498 do
1510 4449 1630 4499 Tretous.

1298 4526 1349 4592 (to)
1365 4527 1666 4592 Salat-Remy·de-lleims,
1680 4532 1771 4596 abbaye
1783 4535 1812 4580 de
1823 4532 1938 4580 Maedic-

1267 4607 1314 4656 tint
1322 4607 1407 4656 londte
1418 4621 1448 4656 uu
1459 4617 1495 4656 vre
1503 4609 1574 4658 siecle
1586 4609 1696 4675 (Μιιιιο).

1297 4689 1320 4750 (l
1328 4691 1336 4735 l
1341 4693 1351 4751 )
1361 4685 1398 4734 Uu
1406 4687 1593 4738 chanoinedeco
1605 4704 1661 4738 nom
1670 4691 1741 4739 rivell
1750 4705 1779 4738 en
1791 4683 1935 4738 litte-ltili.

1267 4767 1610 4836 (v.l³.t.n0·tr,aoeeo.)

1298 4843 1352 4912 (tt)
1363 4847 1504 4912 long-Dieu,
1514 4849 1628 4900 ancienne
1636 4852 1727 4914 abbaye
1739 4853 1768 4900 de
1781 4853 1937 4906 benedict-ins,

1266 4933 1322 4993 pres
1333 4929 1362 4979 dc
1374 4931 1531 4980 villefranche
1544 4931 1655 4996 (lllrdne).

1298 5009 1348 5074 (lb)
1365 5009 1477 5060 Lethairc
1493 5011 1537 5074 1⁰¹,
1558 5012 1595 5060 ills
1613 5015 1668 5062 alud
1680 5013 1709 5062 de
1719 5013 1939 5062 boote-leuthon-
