4300 6054
497 816 534 878 cn
851 831 1017 881 onvrunrnu
1037 833 1077 880 nn
1097 813 1234 880 a’icnsa
1253 829 1293 880 no
1313 827 1557 879 nvom—nour.

498 954 656 1028 perpetuo,
674 948 850 1027 octodecim
869 951 1003 1014 florenos
1021 950 1088 1012 auri
1105 949 1278 1012 communis
1294 947 1438 1028 ponderis
1453 963 1510 1028 pro
1527 961 1592 1010 une
1608 945 1703 1010 missa
1723 963 1780 1028 per
1796 925 1912 1012 dictum

495 1045 622 1110 nauem
646 1042 777 1122 singulis
799 1044 909 1108 diebus
927 1045 1111 1110 celebranda
1134 1045 1168 1108 in
1185 1043 1314 1108 ecclesia
1337 1039 1440 1107 Sancti
1456 1041 1568 1106 Albani
1586 1041 1812 1120 Lugdunensis.
1835 1045 1913 1108 1111-

495 1140 599 1204 tulutis
616 1155 688 1204 vero
706 1140 826 1204 duobus
845 1141 962 1220 capelle
990 1141 1079 1204 beate
1098 1141 1195 1204 llarie
1213 1139 1340 1202 tondete
1355 1140 1397 1215 jn
1421 1139 1551 1202 ecclesia
1569 1139 1767 1217 lugdunensi
1786 1140 1911 1204 domum

496 1253 584 1300 suam
597 1244 691 1316 duam
706 1237 896 1300 inhabitabat
906 1237 939 1298 in
960 1237 1093 1299 carraria
1105 1235 1155 1300 ,de
1176 1235 1333 1300 Portalroc
1353 1235 1447 1309 dedit,
1467 1241 1502 1296 ut
1514 1235 1574 1314 ipsi
1589 1235 1719 1314 singulis
1732 1237 1911 1316 septimanis

496 1337 645 1410 perpetuo
663 1337 825 1398 teneantur
847 1332 924 1394 duas
944 1334 1056 1394 missas
1071 1331 1229 1394 celebrare
1254 1333 1286 1394 in
1306 1331 1387 1394 dicta
1410 1332 1539 1411 capella.
1560 1331 1698 1410 Singulis
1719 1338 1822 1396 autem
1842 1333 1911 1396 aliis

494 1427 630 1490 ecclesiis
644 1428 773 1490 civitatis
797 1428 1011 1506 Lugdunensis
1031 1427 1138 1490 decem
1163 1427 1278 1492 solidos
1302 1429 1517 1492 viennensium
1530 1428 1681 1492 annuales
1695 1435 1726 1490 et
1746 1437 1909 1509 perpetuos

495 1522 587 1598 dedit,
601 1537 656 1584 nec
670 1537 732 1584 non
743 1519 868 1586 cuilibet
878 1519 997 1585 incluse
1009 1521 1093 1584 dicte.
1102 1523 1232 1584 civitatis
1246 1529 1277 1586 et
1286 1523 1428 1586 suburbii
1437 1539 1535 1586 unum
1546 1523 1702 1586 bisbetum
1717 1524 1864 1590 frumenti
1878 1529 1909 1586 et

494 1633 590 1682 ‘unam
605 1615 752 1696 gallinam
764 1618 859 1680 annui
872 1624 902 1679 et
914 1617 1055 1708 perpetui
1069 1617 1207 1680 redditus
1219 1615 1355 1697 reliquit.
1372 1621 1460 1682 -Et
1474 1618 1656 1681 ludovicus.
1917 1630 1920 1636 ·

537 1757 606 1803 nrvr.
622 1773 699 1788 --
712 1740 1014 1813 ObievuntJoannes,
1037 1736 1143 1814 laicae,
1171 1740 1224 1818 qui
1245 1738 1329 1802 dedit
1351 1743 1462 1803 Sancto
1482 1741 1639 1820 Stephano
1655 1740 1687 1804 io
1706 1742 1909 1822 adquisitione

496 1833 685 1901 Rochetallie
707 1835 745 1916 (ll
771 1835 853 1902 duas
871 1835 1012 1897 marchas
1039 1835 1167 1914 argenti,
1184 1841 1215 1897 et
1236 1835 1364 1898 ecclesie
1384 1835 1486 1898 Sancti
1508 1835 1656 1915 Stephani
1675 1836 1714 1899 ad
1737 1838 1908 1900 laciendum

496 1932 626 1996 otiorum
640 1929 814 1996 lllsolidos
826 1929 920 2014 misit,
936 1934 967 1990 et
982 1928 1021 1990 ad
1043 1945 1137 1994 unam
1161 1930 1288 1994 vitream
1303 1929 1475 1994 taciendam
1497 1932 1597 1996 XVIII
1620 1930 1735 1996 solidos
1760 1933 1853 1996 dedit.
1869 1967 1909 1983 --

496 2031 533 2088 ht
556 2025 726 2101 Antelrnus,
755 2027 921 2090 canonicus
943 2022 981 2105 (i)
1001 2025 1081 2088 bone
1099 2026 1267 2098 memorie;
1282 2056 1324 2073 -
1343 2033 1373 2094 et
1391 2027 1574 2106 Stephanus,
1602 2027 1755 2103 sacerdos,
1783 2030 1835 2109 qui
1853 2031 1908 2092 de-

496 2124 541 2184 dit
565 2123 599 2186 in
623 2139 715 2201 opere
742 2121 868 2201 majoris
893 2117 1021 2182 ecclesie
1049 2119 1187 2199 quinque
1205 2121 1336 2195 solidos;
1362 2127 1459 2186 —et
1488 2123 1664 2202 Stephanus
1699 2123 1827 2198 lluella,
1858 2142 1909 2186 sa·

496 2209 614 2284 cordos.

533 2343 609 2420 §—
620 2331 820 2402 Et'diseretus
837 2339 884 2400 vir
899 2337 1041 2402 dominus
1056 2341 1162 2401 Petrus
1182 2337 1221 2400 de
1239 2335 1388 2402 Grovellis
1411 2339 1462 2421 (3),
1485 2339 1663 2433 capellanus
1686 2349 1852 2422 perpetuus
1876 2345 1906 2406 in

487 2436 624 2500 'ecclesia
639 2435 845 2514 lugdunensi,
867 2434 920 2513 qui
935 2433 1034 2496 eidem
1046 2431 1174 2524 ecclesie
1188 2433 1518 2518 Lugdunenslreliquit
1531 2454 1611 2500 anno
1635 2441 1771 2519 quolibet
1789 2443 1820 2502 in
1836 2451 1907 2521 pert

495 2541 621 2612 petuam
636 2531 686 2594 dio
700 2531 802 2594 obitus
813 2531 861 2594 sui
875 2529 913 2591 ad
925 2529 1171 2594 anniversarium
1184 2529 1406 2594 laciendum...
1419 2530 1577 2597 librand...
1588 2551 1643 2615 per
1652 2537 1717 2598 vice
1726 2538 1907 2616 magistrum

498 2826 575 2886 Item
588 2819 714 2884 cuilibet
738 2818 884 2882 canonico
905 2823 936 2880 et
954 2817 1147 2896 incorporato
1165 2817 1245 2880 dicte
1265 2817 1391 2882 ecclesie
1411 2821 1554 2884 existenti
1574 2823 1606 2885 in
1624 2823 1721 2888 vnisse
1738 2825 1811 2888 dicti
1824 2829 1907 2888 enni·

495 2919 621 2982 versarii
634 2915 783 2996 usquead
795 2914 982 2996 Apaualici,
1003 2913 1079 2978 altos
1091 2930 1150 2976 seu
1161 2913 1303 2978 denarios
1317 2917 1527 2980 viennensium
1538 2915 1635 2982 voluit
1644 2919 1727 2992 dari;
1739 2921 1905 2999 capellanis

494 3030 566 3084 vero
576 3019 607 3074 et
619 3011 738 3074 clericis
751 3007 942 3088 simplicibus
956 3009 1009 3088 qui
1020 3009 1192 3070 intererunt
1202 3009 1234 3070 in
1255 3009 1343 3072 dictis
1360 3011 1519 3076 matutinis
1540 3019 1732 3078 mortuorum
1749 3029 1847 3094 usque
1865 3016 1905 3080 ad
1978 3045 1980 3048 ·

494 3111 609 3175 dictum
622 3107 776 3187 psalmum
784 3103 933 3177 laudato,
944 3104 1021 3166 duos
1033 3103 1175 3166 denarios
1190 3105 1413 3182 viennensium,
1426 3112 1456 3168 et
1465 3108 1496 3170 in
1509 3107 1589 3170 dicta
1600 3109 1697 3172 missa
1706 3111 1904 3176 anniversarii

494 3205 695 3270 existentibus
720 3217 820 3280 usurae
842 3200 881 3264 ad
909 3209 1016 3283 Apatna
1035 3201 1102 3274 Dei,
1122 3200 1199 3272 alios
1216 3201 1294 3264 duos
1317 3201 1459 3266 denarios
1479 3205 1691 3271 viennensium
1711 3207 1809 3270 voluit
1826 3207 1902 3271 dari.

495 3299 660 3382 capellano
690 3299 743 3378 qui
759 3298 871 3360 dictam
890 3295 1018 3360 missam
1036 3296 1235 3358 anniversarii
1253 3295 1422 3360 celebrabit
1436 3315 1489 3360 sev
1505 3299 1646 3364 denarios
1667 3302 1901 3376 viennensium,

493 3398 562 3474 aliis
573 3411 645 3458 vero
657 3395 718 3458 alia
732 3389 832 3456 officie
845 3394 877 3454 in
891 3391 971 3454 (licta
982 3391 1077 3454 missa
1093 3392 1275 3458 iacientibus
1291 3395 1389 3458 llllov
1411 3395 1553 3458 denarios
1572 3397 1795 3473 viennensium,
1818 3406 1851 3462 ut
1869 3401 1902 3462 iu

492 3495 572 3582 clima
585 3490 713 3556 ecclesie
724 3494 907 3554 consuetum
920 3493 967 3552 est
987 3487 1054 3550 dari
1068 3493 1098 3551 et
1109 3487 1265 3552 'distribui
1283 3487 1442 3555 clericulis
1454 3509 1525 3555 vero
1540 3494 1572 3556 in
1589 3495 1748 3557 matutinis
1763 3497 1902 3560 mortuo-

492 3608 566 3655 rum.
576 3587 786 3662 existentibus,
804 3583 932 3650 cuilibet
954 3599 1052 3648 unum
1067 3583 1230 3650 decanum
1250 3587 1472 3663 viennensium,
1494 3596 1524 3650 et
1536 3589 1569 3651 in
1591 3591 1686 3654 missa
1705 3593 1904 3655 anniversarii

492 3685 618 3750 cuilibet
639 3683 782 3748 existenti
804 3695 901 3744 unum
925 3680 1086 3754 denarium
1109 3681 1323 3745 viennensium
1343 3681 1439 3746 voluit
1460 3683 1537 3747 dari.
1556 3685 1643 3760 Quod
1662 3687 1904 3752 anniversarium

493 3775 705 3863 assignavit'et
715 3778 856 3842 assetavit
869 3775 967 3839 dictus
980 3775 1122 3837 dominus
1139 3777 1247 3838 Petrus
1266 3776 1298 3838 in
1313 3781 1343 3839 et
1355 3793 1448 3856 super
1461 3777 1587 3842 domum
1601 3795 1689 3842 suam
1710 3798 1804 3861 quam
1822 3787 1903 3862 Lug-

493 3883 568 3944 duni
594 3877 765 3950 inhabitat,
804 3875 894 3938 sitam
928 3873 960 3934 in
988 3871 1054 3934 vico
1079 3871 1214 3947 Sablicii,
1240 3871 1329 3950 iuxta
1349 3874 1476 3938 domum
1503 3875 1686 3942 venerabilis
1712 3881 1769 3942 viri
1788 3881 1901 3946 domini

463 4031 468 4041 .
493 3963 688 4042 Ludovicide
702 3967 825 4046 villars,
846 3965 1053 4031 archidiaconi
1069 3965 1280 4044 Lugdunensis
1297 3967 1348 4051 (5),
1367 3985 1403 4032 ev
1425 3976 1600 4050 cooperte,
1621 3977 1652 4036 et
1670 3975 1758 4052 juxta
1779 3975 1902 4042 domum
1941 4033 1946 4044 .

493 4073 610 4146 domini
624 4068 763 4150 lingonis
782 4066 820 4130 de
841 4065 983 4144 Chamon
1008 4060 1060 4144 lc),
1083 4062 1216 4126 custodis
1231 4065 1340 4128 Sancte
1364 4063 1592 4145 cruciandam
1613 4068 1740 4134 domum
1763 4073 1801 4136 de
1824 4073 1901 4136 dico

524 4279 558 4342 (l)
575 4277 676 4333 alicubi
685 4275 791 4331 ledum,
804 4290 818 4318 n
827 4285 884 4320 mss
897 4272 926 4318 da
936 4272 958 4318 la
971 4271 1029 4318 bihl.
1045 4269 1073 4316 de
1082 4268 1157 4330 byou.
1266 4267 1300 4330 (t)
1318 4269 1417 4317 Solverat
1426 4269 1570 4334 troislignes
1584 4271 1701 4319 illisihles.
1733 4285 1734 4288 ¹

490 4379 524 4398 ι-
534 4355 678 4404 lioolrctaillt
697 4355 732 4400 lut
749 4350 832 4414 arquis
847 4364 894 4412 por·
913 4351 1000 4411 l'tgltse
1011 4349 1040 4398 dr
1052 4349 1117 4408 Lyco
1129 4361 1157 4394 en
1266 4347 1300 4410 (b)
1318 4347 1389 4396 101111
1405 4348 1434 4395 dc
1446 4348 1540 4409 villars,
1561 4349 1598 4396 ills
1611 4351 1751 4398 d'llurnbert
1767 4351 1793 4411 ll,
1810 4349 1857 4397 sire
1874 4350 1902 4396 de

494 4439 552 4484 tter
560 4468 567 4481 .
575 4433 612 4496 (l.
622 4443 647 4494 p.
659 4435 702 4492 id,
710 4436 765 4479 note
776 4428 811 4492 1.)
889 4469 893 4474 ,,
1235 4427 1432 4486 'tholae-Villam,
1450 4433 1473 4473 et
1484 4427 1624 4492 d’Eltonoro
1635 4429 1664 4477 de
1678 4429 1790 4490 Broujeu,
1805 4429 1902 4476 d'obord

525 4510 560 4573 (2)
578 4507 829 4570 Tres-probablornent
851 4503 957 4554 antelmo
979 4503 1079 4564 lliguud,
1101 4502 1159 4550 eltr-
1236 4505 1361 4563 chrodine,
1381 4507 1434 4566 puis
1453 4507 1600 4554 orchidiacrc
1619 4515 1643 4556 et
1661 4510 1754 4556 ensuite
1776 4509 1851 4568 doyeo
1872 4509 1902 4556 de

492 4589 576 4648 nolus,
585 4587 628 4649 qui
638 4586 712 4635 vrvalt
721 4599 750 4634 an
760 4585 830 4632 11811.
842 4581 923 4644 (areu.
936 4581 968 4628 du
980 4580 1071 4640 libone,
1086 4579 1158 4641 igar,
1236 4583 1324 4645 l'dgllse
1336 4583 1365 4631 da
1381 4583 1456 4644 Lyco,
1473 4585 1510 4632 lut
1525 4585 1563 4632 tle
1579 4589 1668 4648 troque
1679 4587 1709 4632 ds
1720 4583 1819 4644 valence
1838 4591 1861 4632 et
1873 4586 1901 4632 dc

492 4670 540 4717 vol.
554 4671 577 4730 d,
590 4675 618 4714 u⁰
633 4665 684 4729 tn.)
1143 4665 1147 4670 “
1236 4661 1318 4708 biaen'
1327 4663 1394 4722 1151,
1409 4670 1432 4710 et
1442 4669 1539 4712 mourut
1549 4663 1571 4711 le
1582 4667 1597 4710 5
1608 4664 1743 4726 septembre
1756 4665 1826 4711 raro.
1845 4668 1858 4687 ·“

524 4745 558 4810 (l)
575 4747 609 4794 Ca
617 4745 697 4792 Pierr·
706 4743 735 4791 de
746 4740 874 4800 Gruvclles,
887 4745 950 4786 mort
961 4751 990 4785 en
1003 4739 1073 4798 leot,
1083 4737 1160 4788 deurit
1262 4739 1302 4811 (d)
1317 4741 1412 4802 llognes
1422 4743 1451 4788 de
1459 4743 1576 4802 Cbrrnor,
1587 4745 1683 4790 custode
1692 4743 1721 4790 cla
1729 4743 1899 4801 Salute-Creta,

492 4832 543 4876 ttrc
563 4833 649 4890 parent
670 4823 863 4885 trlsrrpprochd
878 4820 907 4867 ds
925 4819 1026 4880 lacques
1047 4817 1076 4864 de
1098 4817 1160 4866 Gra·
1237 4827 1296 4869 tcsta
1315 4821 1337 4870 la
1358 4825 1384 4870 tl
1403 4823 1458 4890 iulo
1483 4827 1551 4876 litt.
1572 4813 1652 4890 (hrcle.
1670 4825 1702 4873 do
1719 4821 1810 4884 Rhabo,
1829 4828 1900 4885 ligur,

494 4906 573 4966 velles,
583 4902 700 4952 chanoine
712 4908 736 4950 et
746 4902 831 4948 mettre
843 4897 874 4946 du
884 4899 966 4945 chaeur
975 4897 1004 4944 de
1016 4895 1158 4951 Salat-lost,
1236 4901 1284 4946 vol,
1296 4901 1331 4962 8,)

492 4997 522 5040 eo
535 4985 603 5037 litt.
617 4981 654 5046 (l.
666 4981 738 5032 brein.
748 4979 781 5030 do
791 4977 883 5038 budae,
895 4975 978 5026 nard.
992 4977 1062 5033 otoo,
1071 4987 1096 5040 p.
1110 4975 1159 5042 ath)
