4314 6058
1045 835 1150 898 rvhcns
1173 847 1426 898 rumrncarrvns.

613 1283 732 1351 lecovd
743 1293 829 1350 eure
845 1279 950 1348 t’cbde
964 1280 1099 1366 d'hv’hop
1113 1294 1142 1350 et
1161 1281 1204 1348 leo
1217 1284 1330 1348 Frdres
1342 1279 1481 1366 pontisne
1494 1281 1531 1349 de
1542 1287 1642 1366 lyon,
1660 1299 1704 1347 cu
1716 1279 1800 1365 cajet
1820 1279 1858 1345 de

960 1375 993 1444 lc
1007 1374 1143 1462 chapelle
1157 1380 1202 1446 du
1218 1384 1301 1445 Poht
1319 1377 1365 1444 du
1382 1375 1500 1446 rheae

1185 1545 1272 1606 tlte.

561 1702 577 1766 J
580 1701 727 1776 ohannes,
737 1701 791 1764 boi
803 1701 901 1780 gunda
912 1703 1011 1781 primo
1019 1701 1231 1782 Lugdunensis
1242 1703 1367 1768 ecclesie
1375 1699 1505 1768 humilis
1519 1702 1672 1779 sacerdos,
1682 1701 1849 1783 apostolice
1858 1699 1939 1765 sedis

520 1797 649 1878 legatas,
669 1797 815 1863 omnibus
837 1797 877 1862 ad
899 1813 976 1878 quos
998 1799 1098 1864 littere
1118 1799 1176 1864 iste
1197 1801 1402 1882 pervenerint,
1427 1799 1557 1865 uinum
1580 1801 1613 1864 in
1638 1797 1775 1864 domino.
1790 1798 1938 1862 Noverint

519 1899 676 1976 presentes
687 1901 718 1958 et
731 1897 844 1976 posteri
857 1895 940 1976 quod
958 1898 1173 1974 conuorersia,
1183 1914 1244 1978 quc
1260 1900 1432 1963 revehatur
1450 1899 1531 1964 inter
1545 1897 1689 1962 abbatem
1698 1895 1936 1962 numerantem

518 1997 550 2054 et
559 1991 667 2058 haue
680 1991 791 2072 pontis,
800 2007 892 2072 super
902 1991 1028 2072 capella,
1038 2009 1100 2072 que
1112 1993 1144 2058 in
1156 1993 1225 2074 ripe
1231 1993 1352 2058 Rodeni
1362 1993 1499 2060 huminis
1512 1997 1688 2058 oonsbnctn
1699 1999 1755 2068 est,
1768 1991 1801 2056 in
1811 2007 1934 2072 prosen-

518 2088 566 2151 cia
578 2088 750 2154 nosuahoo
763 2087 963 2167 modcsopitu
973 2090 1034 2152 osb:
1050 2090 1222 2170 aprorima
1234 2090 1357 2154 Domini
1368 2088 1523 2156 nativitate
1535 2087 1681 2170 usquead
1693 2087 1886 2164 decennium,
1896 2085 1934 2150 de

516 2183 720 2263 permissione
734 2182 853 2252 obbatis
863 2187 893 2248 et
908 2189 1074 2251 conventas
1089 2183 1309 2250 hdrnnacensis
1319 2185 1457 2264 ecclesie,
1474 2187 1542 2252 sine
1558 2183 1744 2267 cujusquam
1754 2183 1894 2248 mcloeua
1907 2189 1934 2246 et

517 2279 748 2360 inquietatione,
767 2279 799 2344 in
809 2295 845 2342 eo
860 2279 926 2344 loco
937 2279 970 2346 in
982 2296 1044 2360 quo
1058 2279 1117 2344 sito
1126 2286 1172 2347 est
1182 2281 1301 2363 capella
1314 2297 1442 2348 manera
1456 2283 1561 2356 debet;
1573 2281 1681 2364 elapso
1692 2295 1762 2344 vero
1775 2279 1932 2354 decennio,

517 2375 608 2440 debet
626 2374 698 2438 inda
710 2375 844 2440 amoveri
863 2365 1037 2441 sirenibus
1059 2378 1161 2458 pontis
1179 2379 1211 2442 in
1230 2379 1373 2460 proxime
1390 2379 1495 2459 vigilia
1514 2377 1625 2444 naulis
1641 2377 1780 2452 Domini3
1801 2381 1933 2457 quotuor

516 2469 631 2538 solidos
643 2471 854 2552 Lugdunensis
867 2479 986 2538 monete
997 2473 1121 2538 nomina
1131 2475 1286 2554 pensionis
1300 2475 1410 2540 hahes
1425 2475 1527 2556 ponde
1538 2474 1640 2538 abbati
1653 2472 1858 2538 Atnmacensi
1869 2487 1934 2551 per-

515 2567 632 2634 solvere
646 2567 766 2645 debent,
775 2584 853 2649 quos
866 2567 894 2632 ei
908 2567 1076 2644 annuatim,
1086 2568 1161 2634 dum
1172 2569 1264 2634 ment
1276 2571 1319 2636 ibi
1331 2568 1460 2652 capella,
1470 2571 1577 2635 mdam
1589 2569 1639 2635 die
1649 2569 1823 2652 persolvent
1836 2583 1934 2650 usquo

515 2664 554 2728 cd
569 2670 690 2746 tempus
707 2665 861 2745 prefixum
869 2677 878 2737 ;
891 2661 930 2727 ad
946 2677 1002 2728 nos
1017 2679 1090 2728 vero
1109 2663 1260 2746 capellani
1274 2666 1440 2744 institucio,
1453 2667 1507 2748 qui
1519 2667 1636 2732 ibidem
1649 2665 1804 2731 celebrere
1815 2663 1930 2739 debeat,

515 2761 691 2842 pertinebit,
711 2763 774 2828 sivo
786 2763 826 2824 sit
839 2763 933 2826 irater
953 2761 1065 2842 pontis,
1082 2762 1146 2826 sive
1166 2763 1254 2840 elius,
1273 2779 1367 2844 quom
1386 2763 1532 2830 idoneum
1546 2763 1831 2830 existimaverimus.
1845 2762 1932 2826 Insti-

515 2859 632 2924 tucioni
645 2875 718 2922 vero
732 2858 822 2922 debet
835 2857 983 2921 interesse
996 2855 1175 2940 capellanus
1193 2859 1295 2924 Sancti
1314 2859 1472 2924 Michaelis
1492 2861 1558 2942 qui,
1572 2860 1598 2926 si
1610 2857 1750 2938 volucrit,
1765 2859 1885 2940 aliquos
1895 2857 1931 2920 de

516 2953 676 3018 monachis
685 2953 948 3018 Athanaoensibus
960 2969 1065 3018 secum
1079 2953 1194 3020 habere
1207 2956 1328 3036 poterit,
1338 2962 1383 3032 ut,
1398 2957 1474 3038 ipsis
1487 2957 1692 3038 presentibus,
1708 2955 1762 3036 qui
1776 2955 1930 3018 instituen-

516 3050 755 3114 dusaritiirmet
765 3050 798 3112 ln
811 3065 904 3120 rnanu
915 3049 1136 3132 archiepiscopi
1146 3059 1190 3127 ut,
1200 3053 1290 3138 siqua
1300 3051 1477 3118 Murenam
1487 3053 1583 3136 ipsius
1593 3053 1748 3118 deveniret
1756 3051 1795 3116 de
1804 3051 1930 3117 oblatio

515 3147 607 3218 abus
631 3145 906 3226 parrochianorum
928 3145 1032 3210 Sancti
1054 3146 1213 3211 Michaelis
1232 3147 1307 3214 dum
1329 3149 1457 3214 missam
1481 3147 1695 3224 celebraverit,
1718 3148 1849 3212 sabone
1872 3147 1931 3211 ilde

515 3241 673 3323 capellano
687 3243 752 3322 jem
766 3241 845 3306 dicte
862 3239 988 3305 ecclesio
999 3241 1114 3306 reddet.
1131 3243 1275 3326 Quisquis
1293 3261 1367 3312 vero
1381 3243 1520 3326 quolibet
1539 3243 1573 3308 in
1591 3249 1741 3324 tempore,
1759 3241 1845 3330 nullo
1857 3259 1929 3324 par-

516 3339 698 3402 rochianum
713 3337 908 3404 distinctione
923 3337 1072 3414 adhibita,
1093 3340 1144 3420 pie
1157 3339 1317 3405 dovotione
1334 3341 1420 3422 operi
1439 3341 1541 3421 pontia
1557 3339 1675 3421 aliquid
1696 3339 1816 3403 duxerit
1833 3339 1929 3402 conte

514 3435 653 3512 rendum,
668 3437 700 3499 in
712 3435 805 3499 archa
814 3434 853 3498 ad
863 3435 922 3498 hoc
931 3433 1075 3517 deputata
1091 3443 1227 3514 reponat.
1240 3439 1360 3502 Fretree
1372 3437 1485 3518 pontis,
1496 3437 1634 3518 quaudiu
1649 3437 1692 3500 ibi
1706 3435 1886 3508 manserint,
1900 3442 1930 3497 et

514 3548 620 3598 eorum
635 3531 781 3596 iemilina
796 3531 957 3596 sacerdote
968 3533 1069 3596 Sancti
1083 3531 1241 3599 Michaelis
1253 3533 1458 3614 parrochialis
1470 3534 1542 3614 jura
1552 3533 1739 3616 percipient;
1755 3539 1786 3596 et
1801 3533 1928 3612 siquem

515 3645 623 3694 eorum
643 3629 757 3696 ibidem
775 3633 914 3708 eginum
932 3628 1126 3708 contingerit,
1147 3629 1346 3708 pumuntiam
1364 3635 1395 3695 et
1412 3631 1557 3698 daucum
1578 3631 1617 3694 ab
1635 3627 1745 3694 eodem
1767 3629 1927 3710 recipient,

515 3725 575 3790 nisi
590 3723 659 3788 talis
674 3723 885 3804 supervenerit
898 3723 1059 3786 amessitas
1074 3723 1157 3804 quod
1172 3741 1210 3788 ea
1223 3740 1279 3805 per
1293 3727 1481 3792 sacerdotem
1496 3725 1612 3808 repelle
1630 3725 1767 3806 expediri
1780 3731 1927 3805 oporteat,

514 3827 544 3884 at
558 3827 642 3898 tunc,
656 3819 682 3882 si
696 3835 757 3900 qua
775 3835 794 3882 e
811 3819 1022 3882 necessitatem
1037 3817 1167 3898 patiente
1179 3820 1303 3886 nomine
1316 3821 1481 3888 oblationis
1490 3823 1649 3904 receperit,
1662 3821 1817 3904 sepedicto
1832 3822 1929 3903 capel-

513 3919 586 3984 lsuo
608 3917 754 3980 restituet.
771 3915 803 3979 Si
818 3913 969 3994 quievero
983 3915 1117 3978 moriens
1136 3916 1297 3998 proprium
1314 3918 1457 3984 habuerit
1478 3917 1560 4000 quod
1580 3917 1706 3984 ecclesia
1725 3919 1928 3984 Athanacensi

513 4015 560 4080 rol
580 4013 682 4078 Sancti
702 4007 858 4075 Michaelis
874 4009 996 4074 duxerit
1012 4009 1266 4092 relinquendum,
1288 4014 1355 4078 sine
1375 4013 1601 4080 conuadiciono
1621 4015 1682 4080 boc
1697 4013 1841 4082 habeant.
1855 4017 1929 4080 Pre-

513 4119 606 4188 terac,
622 4111 648 4174 si
664 4107 800 4189 aliquem
814 4109 852 4172 de
866 4107 1011 4171 iratribus
1023 4109 1125 4188 pontis
1138 4107 1184 4174 vcl
1199 4125 1308 4176 eorum
1317 4107 1434 4176 familia
1447 4111 1490 4176 ibi
1500 4111 1580 4176 mori
1593 4111 1786 4190 condonarit,
1797 4129 1858 4176 non
1869 4114 1926 4176 nisi

513 4207 595 4288 apud
609 4203 771 4271 ecclesiam
791 4204 892 4268 Sanch
907 4203 1064 4268 Michaelis
1083 4203 1257 4286 sepelietur,
1278 4205 1324 4270 vel
1344 4207 1377 4272 in
1397 4207 1548 4272 cimiterio
1569 4206 1786 4282 Athanacensi,
1803 4208 1829 4271 si
1854 4207 1927 4270 dnm

511 4303 621 4367 vixerit
644 4302 702 4364 hoo
721 4299 859 4380 elegerit.
875 4297 1018 4362 Libanum
1037 4305 1139 4362 autem
1160 4299 1220 4366 erit
1237 4300 1382 4368 iratribus
1396 4303 1499 4384 ponus
1517 4302 1599 4368 inlra
1616 4301 1810 4379 decennium,
1826 4299 1870 4366 rel
1893 4320 1928 4366 eo

513 4399 631 4480 elapso,
640 4399 671 4460 in
686 4397 778 4460 sliam
793 4393 997 4475 parrochiam,
1006 4409 1078 4458 cum
1087 4395 1248 4472 voluerint,
1258 4397 1408 4478 cupellam
1421 4398 1597 4462 mandene.
1613 4397 1724 4463 botrum
1737 4413 1927 4477 permenam

513 4495 661 4561 Goulradi
675 4491 800 4566 anterii,
812 4505 892 4555 anuo
904 4490 942 4553 ab
960 4489 1170 4556 incarnatione
1184 4492 1307 4574 Domini
1320 4495 1365 4559 M⁰
1383 4495 1418 4558 (Ρ
1432 4486 1556 4560 ΜΩΗ(ο
1568 4495 1619 4560 V0.
1635 4495 1683 4570 tlt,
1700 4501 1735 4558 ut
1747 4497 1928 4576 compositio

440 4599 446 4608 “
513 4593 573 4657 ists
585 4590 734 4668 mojorem
747 4588 887 4652 obtineat.
896 4587 1080 4661 amicum,
1094 4594 1266 4668 presentem
1279 4594 1394 4654 caram
1408 4589 1517 4670 sigillis
1532 4595 1597 4656 um
1611 4595 1715 4654 nostro
1733 4605 1830 4672 quum
1843 4594 1929 4672 capi-

514 4685 572 4750 tuli
587 4685 683 4750 nosui
697 4683 823 4748 lecimus
836 4681 990 4762 insigniri.

1152 4785 1346 4868 (cartulaire
1361 4789 1537 4856 munuera
1551 4789 1700 4875 dhiocp,
1714 4787 1742 4874 1b
1756 4791 1888 4869 LXW.)
1907 4837 1915 4843 .
