4314 6058
763 872 869 940 vriuas
891 889 1145 940 susmrrcurrvns.
1608 881 1664 940 ⁴89

198 1085 201 1090 Ι
247 1004 461 1078 commisisset,
474 1010 513 1080 et,
524 1004 551 1068 si
565 1020 627 1084 qna
636 1005 669 1068 in
682 1011 863 1072 testamento
878 1023 935 1072 suo
948 1008 1078 1072 indivisa
1089 1007 1285 1088 relinquerat,
1299 1023 1406 1072 eorum
1420 1007 1492 1072 fidei
1503 1007 1666 1076 dividenda

248 1103 454 1178 concessisset,
464 1100 589 1165 andem
600 1100 673 1166 dicti
683 1109 871 1180 executores,
880 1102 1027 1168 voluntati
1042 1093 1176 1170 defuncti
1187 1121 1226 1168 ne
1239 1104 1448 1184 calumpniam
1458 1106 1492 1170 in
1506 1113 1664 1186 posterum

249 1200 398 1264 snsbnere
421 1200 531 1262 debeat
551 1215 658 1263 cavere
678 1197 825 1278 volentes,
834 1202 956 1266 vineam
970 1203 1010 1266 de
1024 1205 1148 1278 Serena,
1162 1218 1223 1282 que
1234 1199 1292 1265 luit
1301 1202 1402 1266 Pontii
1417 1201 1536 1277 d'bnsa,
1551 1208 1664 1270 terram

247 1297 286 1360 de
306 1299 427 1374 Cueras,
445 1295 596 1377 plantaria
607 1301 637 1360 ct
648 1297 794 1376 quicquid
809 1298 1074 1362 babebatamuro
1087 1297 1216 1362 civitatis
1227 1313 1323 1377 usque
1336 1298 1375 1362 ad
1386 1296 1525 1362 Insulam
1547 1303 1664 1366 Barba·

249 1405 326 1469 mm,
337 1394 421 1474 quod
433 1392 596 1473 nepotibus
608 1393 672 1455 suis
686 1409 748 1456 non
762 1394 950 1475 relinqueret
962 1403 992 1458 et
1006 1395 1135 1460 indivisa
1151 1401 1361 1460 remanserant
1374 1396 1501 1460 arbitrio
1513 1397 1665 1464 dictorum

249 1499 444 1555 enecatorum
455 1489 628 1564 dividenda,
643 1505 699 1554 nec
708 1487 800 1554 alicui
811 1492 1110 1570 consanguineorum
1121 1505 1249 1554 suorum
1264 1507 1408 1554 concessa
1418 1499 1508 1554 erant
1518 1509 1572 1572 per
1585 1491 1666 1574 lega-

249 1585 486 1664 tumwillelmo
501 1587 540 1648 de
550 1586 706 1660 Cluniaco,
722 1587 832 1652 manto
845 1590 939 1662 Bone,
954 1589 1055 1668 neptis
1069 1587 1142 1650 dicti
1156 1585 1301 1663 defuncti,
1317 1603 1371 1666 pro
1379 1586 1526 1652 llblibris
1538 1591 1664 1668 lugdu-

249 1685 349 1749 nensis
360 1689 482 1748 monete
494 1683 681 1746 vendicionis
697 1683 784 1752 titulo
799 1689 1031 1758 concesserunt3
1043 1681 1132 1748 illam
1145 1683 1318 1750 donationis
1332 1700 1424 1748 causa
1437 1685 1550 1750 minori
1565 1687 1663 1765 pretio

248 1782 317 1846 ideo
328 1781 541 1856 distrahentes,
552 1779 625 1860 quia
640 1795 711 1859 pars
725 1781 817 1859 anus
830 1787 909 1844 terra
921 1782 1020 1844 fuerat
1031 1779 1197 1844 Guicbardi
1211 1779 1356 1855 devarei,
1369 1781 1464 1861 patris
1474 1781 1553 1846 dicte
1562 1785 1663 1863 neptis

248 1878 380 1942 defuncti
392 1878 568 1950 memorati;
582 1876 621 1938 ad
639 1876 812 1940 evitandam
827 1877 922 1956 igitur
937 1877 1138 1956 inposterum
1157 1893 1280 1940 omnem
1293 1877 1500 1958 calumpniam
1514 1885 1546 1944 et
1563 1889 1663 1946 mate·

249 1975 326 2039 riam
347 1973 512 2038 altercandi
528 1972 694 2052 predictam
709 1979 822 2036 terram
838 1973 918 2036 dicto
931 1971 1086 2036 Willelmo
1105 1980 1136 2036 et
1148 1975 1237 2037 uxori
1254 1991 1308 2038 sue
1323 1975 1497 2042 habendam
1510 1985 1541 2040 et
1554 1983 1663 2042 tenen·

247 2071 318 2134 dam
336 2071 408 2150 jura
426 2075 576 2150 perpetuo
596 2070 678 2132 bona
698 2068 760 2132 lide
780 2067 986 2132 favorabiliter
1008 2077 1237 2142 concessarum
1261 2077 1292 2134 et
1311 2087 1377 2148 nos,
1398 2073 1435 2136 de
1459 2074 1613 2139 voluntate
1632 2083 1663 2140 et

247 2165 390 2231 mandato
408 2165 587 2228 eorumdem
606 2171 804 2228 enecatorum
819 2172 849 2228 et
866 2165 1010 2229 mandato
1023 2166 1060 2230 Α.
1082 2167 1121 2230 de
1138 2169 1270 2245 Satanai,
1288 2171 1399 2249 prioris
1417 2171 1454 2236 de
1472 2173 1592 2249 cnm,
1606 2175 1661 2254 qui

245 2270 339 2326 terras
350 2260 419 2324 illas
429 2262 509 2324 dicto
522 2259 687 2335 willelmo,
703 2263 782 2324 sicut
796 2261 951 2338 dominns,
967 2260 1102 2328 laudavit
1113 2265 1173 2344 ipsi
1187 2272 1217 2328 et
1230 2266 1395 2332 heredibus
1407 2269 1480 2345 suis,
1495 2269 1533 2332 ad
1549 2287 1662 2352 perpe-

247 2369 330 2424 mam
345 2375 452 2440 pacem
463 2359 494 2420 in
508 2365 665 2438 posterum
680 2359 902 2424 observandam
909 2366 940 2423 et
948 2361 1098 2438 maiorem
1112 2363 1315 2438 securitatem,
1329 2373 1505 2445 presentem
1516 2371 1676 2434 concessi--

247 2473 316 2520 mus
336 2455 486 2534 cartulam
505 2453 599 2534 sigilli
624 2455 720 2518 nostri
742 2457 913 2520 munimine
936 2457 1123 2522 roboratam.
1151 2457 1262 2522 Actum
1284 2477 1365 2546 anno
1389 2463 1429 2526 ab
1453 2465 1662 2530 incarnatione

251 2555 374 2618 Domini
395 2550 558 2616 millesimo
574 2555 636 2616 cce
645 2553 757 2618 v11110.
779 2555 882 2617 Testes
899 2553 1104 2617 interfuerant
1121 2555 1278 2620 Jobaanes
1293 2557 1331 2620 da
1345 2561 1464 2634 lauris,
1486 2564 1662 2626 bernardus

247 2651 344 2725 lutros,
358 2651 533 2730 Stephanus
548 2649 586 2712 de
600 2651 688 2712 Vacci
701 2655 731 2713 et
746 2649 911 2714 [imbertus
921 2651 1042 2726 fratres,
1060 2655 1091 2714 et
1101 2651 1206 2731 plnres
1218 2651 1282 2716 alii.

879 2755 1073 2837 (cartulaire
1083 2757 1261 2823 manuscrit
1275 2758 1420 2842 dicam),
1438 2761 1467 2843 fb
1483 2769 1622 2844 ΧΧΧΝ.)

937 2987 988 3042 20

453 3105 459 3116 '
544 3191 548 3198 Ι
573 3111 744 3172 Testaotctvt
758 3107 794 3170 dc
808 3103 985 3171 Gvcillaume
999 3106 1036 3171 de
1050 3105 1212 3192 colonges,
1231 3105 1341 3198 doyeu.

830 3269 833 3277 Δ
869 3243 1056 3305 taut-ttae.

292 3377 325 3440 ln
338 3377 462 3440 nomine
473 3375 590 3442 domini
604 3377 700 3440 Jbesu
715 3376 838 3440 Christi.
855 3379 918 3454 Ego
943 3375 1125 3453 willelmus,
1145 3379 1357 3458 Lugdunensis
1369 3383 1496 3450 ecclesie
1516 3383 1661 3464 decanus,

251 3460 283 3534 ¹in
293 3473 371 3536 bona
383 3479 413 3536 et
427 3479 613 3538 sanamente
626 3473 818 3550 constitutus,
834 3471 926 3536 talem
939 3473 976 3536 de
993 3473 1086 3536 rebus
1099 3475 1175 3538 meis
1191 3477 1268 3540 facio
1284 3477 1517 3560 dispositionem
1533 3499 1540 3546 :
1562 3487 1664 3565 primo

254 3569 386 3648 precipio
411 3571 565 3650 pacificari
591 3571 740 3634 clamores
766 3586 850 3634 meas
876 3569 992 3648 integre
1015 3587 1070 3650 per
1094 3589 1205 3636 manus
1228 3575 1341 3654 prioris
1360 3576 1491 3658 Alveria,
1517 3582 1665 3648 Willelmi

251 3663 409 3742 Richardi,
431 3665 579 3740 tirnoudi,
603 3667 721 3746 nepotis
739 3666 810 3740 mei,
836 3666 976 3741 Guarini,
1000 3667 1163 3732 senescalci
1182 3671 1347 3748 refectorii,
1373 3681 1404 3738 et
1422 3677 1562 3756 magistri
1582 3681 1665 3746 Petri

250 3761 457 3838 ambroniaci,
474 3779 551 3842 qnos
568 3763 676 3826 ultime
689 3759 853 3825 voluntatis
867 3777 935 3824 mee
949 3763 1098 3826 constituo
1113 3771 1299 3834 executores.
1321 3769 1456 3838 Ecclesia
1469 3777 1665 3856 Lugdunensi

253 3859 393 3940 relinquo
406 3867 550 3942 quartum
563 3861 679 3924 decime
693 3861 730 3924 de
743 3860 843 3936 Vesia,
855 3867 885 3923 et
895 3858 973 3922 illud
988 3861 1070 3939 quod
1082 3863 1229 3942 acquisivi
1244 3866 1326 3946 apud
1337 3865 1436 3932 Coson
1446 3887 1464 3933 a
1475 3873 1613 3938 Soliredo
1627 3873 1666 3938 de

252 3959 395 4020 Braonna
405 3965 435 4022 et
448 3955 562 4024 blilone
576 3957 724 4036 blenajoa,
741 3963 771 4020 et
784 3955 862 4019 illud
881 3957 963 4038 quod
977 3958 1123 4038 acquisivi
1137 3961 1218 4040 apud
1233 3965 1333 4026 Broen
1349 3982 1367 4027 a
1383 3967 1523 4046 Gnigone
1541 3969 1619 4034 Albo
1636 3979 1666 4035 et

252 4051 408 4132 Stephano
423 4051 461 4116 de
477 4051 639 4117 Coluniber
654 4069 710 4134 pro
724 4049 930 4116 anniversario
942 4069 1011 4115 meo
1024 4051 1142 4126 clericis
1154 4057 1245 4120 trium
1260 4060 1456 4124 ecclesiarum
1469 4064 1620 4143 faciendo,
1635 4070 1667 4130 et

252 4149 314 4212 duo
328 4151 459 4214 sextaria
471 4147 602 4229 siliginis
617 4147 761 4213 debitalia
780 4165 841 4230 que
852 4149 912 4212 emi
927 4149 965 4212 ab
981 4149 1127 4214 Umberto
1147 4153 1286 4217 Chabout
1299 4162 1329 4219 et
1348 4173 1444 4221 uxore
1457 4159 1534 4238 eius,
1554 4178 1615 4242 que
1632 4163 1666 4226 in

252 4248 429 4310 communia
440 4249 551 4312 Montis
564 4247 657 4311 Aurei
672 4247 892 4328 percipiebant,
904 4245 942 4308 de
954 4247 1066 4328 quibus
1089 4247 1201 4312 babeat
1213 4253 1311 4330 major
1324 4253 1491 4318 elemosina
1502 4260 1517 4321 I
1529 4258 1667 4340 quartale

252 4351 283 4406 et
305 4344 417 4406 minori
440 4343 605 4407 elemosine
628 4342 718 4408 detur
738 4341 906 4417 residuum,
923 4343 972 4406 die
993 4345 1194 4408 anniversarii
1215 4349 1294 4424 mei;
1319 4355 1350 4414 et
1372 4350 1431 4416 boc
1450 4358 1547 4418 totum
1568 4361 1668 4420 mneat

253 4440 425 4518 brnoudus,
439 4457 534 4520 nepos
543 4457 639 4517 meus,
653 4439 799 4521 quamdiu
810 4439 918 4502 vixerit
930 4444 960 4501 et
971 4440 1215 4506 anniversarium
1226 4445 1316 4510 faciat
1328 4455 1544 4516 memoratum.
1560 4451 1668 4518 Eidem

251 4539 378 4602 ecclesie
392 4537 533 4620 relinquo
553 4555 608 4618 pro
632 4535 839 4602 anniversario
854 4535 949 4616 patris
972 4534 1034 4598 mei
1054 4535 1140 4600 mille
1163 4538 1286 4620 solidos,
1304 4561 1380 4623 quos
1397 4545 1523 4610 nomine
1542 4548 1670 4614 ecclesie

252 4635 324 4698 misi
340 4636 372 4698 in
387 4636 511 4714 gageria
526 4632 678 4698 Lamberti
699 4631 858 4695 Descbanz
878 4629 960 4711 apud
981 4633 1107 4711 Syrien,
1123 4641 1155 4698 et
1176 4634 1303 4701 ecclesia
1322 4644 1472 4706 concessit
1489 4645 1567 4708 mibi
1586 4647 1669 4726 qnod

251 4731 492 4797 obedientiarius
512 4730 550 4794 de
571 4730 677 4795 Sivreu
697 4729 787 4792 faciat
801 4728 905 4808 ipsum
923 4728 1179 4807 anniversarium,
1194 4734 1258 4798 sive
1277 4734 1345 4816 ipsa
1359 4739 1483 4818 gageria
1502 4741 1670 4806 redimatur

251 4829 315 4893 sive
325 4845 397 4894 non.
413 4831 491 4892 Item
503 4827 604 4891 eidem
617 4823 743 4890 ecclesie
756 4822 897 4904 relinquo
912 4840 968 4904 pro
978 4826 1186 4892 anniversario
1195 4833 1302 4894 matris
1316 4849 1383 4898 mee
1397 4841 1427 4898 et
1440 4853 1497 4916 pro
1510 4836 1571 4902 alio
1585 4839 1670 4902 anm-

252 4928 385 4992 versario
400 4923 534 5006 generali
547 4923 687 4988 omnium
697 4919 868 4984 amicorum
879 4935 1020 4984 meorum
1034 4924 1078 4986 CC
1090 4925 1401 5007 ctLlibraslortium,
1413 4931 1574 5012 dequibus
1587 4941 1671 5001 terra

252 5026 373 5086 ematur
384 5019 422 5084 ad
438 5019 575 5084 facienda
588 5019 669 5084 dicta
678 5017 894 5092 anniversaria,
908 5024 938 5084 at
953 5017 1010 5082 bec
1024 5021 1153 5100 pecunia
1165 5025 1354 5090 custodiatur
1366 5027 1400 5092 in
1414 5029 1558 5096 thesauro
1569 5031 1669 5096 eccle-
