4314 6058
747 866 857 928 rrius
878 879 1135 928 ¹tcsrrrrcnrrrrs.
1592 859 1647 924 tta

230 991 304 1054 dicti
319 994 359 1058 de
377 993 552 1074 hujusmodi
569 992 703 1074 onustis
721 993 857 1058 damant
875 991 920 1058 rel
932 1001 1150 1076 mnasonem
1163 995 1229 1058 sine
1242 993 1480 1058 contradictione
1499 997 1646 1064 tenorent,

232 1089 315 1169 qnod
326 1091 700 1172 ednnperjurarnentuu
711 1087 1649 1172 supercrematandmmoralitorprosttnimnmeoicunr-

232 1185 291 1250 dus
304 1203 398 1267 quarn
414 1188 539 1252 domine
554 1186 679 1259 Bhnm,
694 1203 772 1252 uxor
785 1203 853 1263 sua,
867 1202 900 1252 ne
913 1185 1126 1252 obsonatores
1138 1194 1168 1250 et
1182 1203 1340 1266 nunqnam
1355 1203 1386 1250 se
1397 1191 1649 1250 contrairentruos

233 1285 450 1362 promiserunt.
467 1288 580 1349 Omnes
596 1285 690 1364 igitur
703 1301 811 1350 eorum
825 1285 1031 1352 controversie
1044 1291 1076 1348 et
1093 1283 1218 1364 querele
1239 1301 1291 1363 per
1309 1284 1407 1348 diemo
1429 1285 1573 1358 arhitrcs,
1587 1284 1650 1348 sire

232 1381 340 1459 pocius
350 1381 528 1446 amicabiles
549 1381 779 1462 compositores,
792 1381 831 1446 de
841 1384 997 1448 communi
1011 1383 1173 1462 utriusque
1185 1383 1280 1464 partis
1290 1397 1441 1446 consensu
1453 1387 1483 1444 et
1497 1381 1650 1447 voluntate

231 1493 377 1558 expressa
388 1479 420 1542 in
433 1479 516 1544 hunc
526 1489 652 1544 modum
665 1481 748 1544 luere
759 1481 857 1560 sopite
868 1497 875 1546 :
888 1497 959 1545 nam
969 1480 1129 1544 memorati
1145 1479 1338 1544 dulchardus
1348 1476 1647 1551 etdondnonlanca,

232 1589 310 1638 anor
323 1589 393 1650 sna,
408 1577 695 1656 per·Juramcutnm‚
709 1579 790 1642 sicut
803 1578 1024 1660 supradictum
1041 1583 1097 1652 est,
1118 1577 1316 1656 corporaliter
1329 1577 1369 1640 ah
1389 1575 1463 1656 ipsis
1485 1577 1648 1654 interposi-

232 1679 308 1748 tum,
320 1679 461 1753 quaram
477 1683 596 1754 perlem
611 1675 713 1756 poipie
727 1676 765 1738 do
777 1675 897 1750 divorc,
912 1682 942 1738 et
954 1675 1099 1754 quicquid
1113 1675 1145 1738 in
1160 1675 1267 1755 poipia
1283 1675 1437 1738 habehant
1448 1681 1478 1736 et
1492 1673 1604 1736 hahere
1617 1688 1649 1735 se

170 1795 176 1808 ·
232 1769 382 1846 dicebant,
400 1771 617 1851 quittaverunt,
633 1779 858 1849 concesserunt,
877 1773 1092 1852 guirpirerunt
1112 1788 1167 1852 per
1179 1789 1211 1834 se
1226 1778 1256 1834 et
1270 1789 1342 1835 suos
1356 1757 1495 1838 absolute
1509 1776 1539 1832 et
1554 1769 1649 1836 libere

232 1865 264 1928 in
276 1872 435 1946 posterum
443 1869 570 1932 ecclesie
584 1867 789 1949 Lugdunensi,
806 1869 849 1932 ita
863 1869 944 1950 quod
957 1875 1056 1932 cetera
1070 1869 1180 1948 quoad
1194 1871 1287 1950 juset
1301 1867 1540 1932 dominationem
1553 1867 1649 1946 perti-

233 1967 306 2024 nent
327 1970 436 2044 quade
456 1966 553 2045 partis
575 1967 666 2030 castri
680 1965 759 2028 inter
778 1971 809 2028 et
822 1971 909 2030 extra
922 1971 1080 2030 remanent
1098 1965 1210 2029 eisdem
1233 1965 1329 2028 libere
1344 1972 1374 2026 et
1387 1965 1499 2044 quiae,
1514 1979 1550 2026 eo
1565 1963 1648 2025 salro

231 2059 315 2138 quod
330 2060 364 2124 in
385 2061 515 2140 perlegit
527 2063 735 2126 nundinarum
755 2063 908 2128 viennens
912 2109 971 2128 .....
989 2079 1051 2142 que
1068 2063 1115 2126 liis
1133 2063 1166 2126 in
1180 2079 1261 2124 anno
1264 2107 1323 2124 .....
1344 2077 1400 2142 per
1421 2061 1646 2134 duosmenses,

233 2157 349 2222 scilicet
362 2175 419 2240 per
438 2177 535 2224 unum
552 2177 692 2224 mensem
709 2161 741 2224 in
756 2160 864 2240 primis
879 2159 1035 2234 nundinis,
1045 2165 1074 2224 et
1089 2159 1283 2238 penellarum
1298 2173 1435 2221 mensem
1449 2157 1482 2220 in
1494 2155 1646 2231 secundis,

232 2260 372 2331 quamam
387 2263 505 2338 partem
522 2257 643 2338 pedagii
657 2258 808 2338 recipient
824 2257 923 2320 dictus
940 2257 1134 2320 Guichardus
1148 2262 1178 2318 et
1194 2255 1318 2318 domina
1338 2252 1462 2328 Blanca,
1481 2253 1648 2319 secundum
1748 2255 1750 2262 '

230 2348 389 2428 andenam
403 2353 656 2418 consuetudinem
671 2353 878 2433 pareriorum;
895 2367 1011 2428 rerum,
1027 2355 1100 2434 quia
1112 2353 1191 2416 dicte
1211 2353 1346 2416 nundine
1366 2351 1550 2432 quandoque
1563 2349 1648 2412 tarde

231 2445 416 2526 quandoque
429 2447 520 2514 citius
533 2448 736 2526 celebrantur,
753 2449 849 2512 dictos
869 2464 988 2512 menses
1001 2449 1170 2514 secundum
1188 2449 1348 2532 meliorem
1368 2465 1493 2512 cursum
1513 2455 1544 2512 et
1563 2448 1647 2512 lruc-

230 2547 296 2604 tum
317 2541 525 2608 nundinarum
542 2561 599 2624 pro
614 2563 670 2610 suo
691 2543 819 2610 comodo
843 2545 977 2624 poterint
997 2551 1207 2608 commutare.
1228 2545 1403 2624 Capitulum
1426 2561 1497 2607 vero
1522 2544 1648 2622 Lugdu-

231 2651 324 2702 nense
340 2647 464 2720 propter
483 2641 541 2704 hoo
565 2642 681 2708 eisdem
703 2641 879 2706 Guichardo
893 2647 925 2704 et
945 2642 1070 2705 domiue
1091 2639 1227 2706 Blanche
1246 2649 1344 2705 totum
1365 2641 1447 2722 quod
1467 2641 1597 2728 hahebat
1615 2640 1646 2703 in
1683 2642 1687 2650 '

232 2735 353 2801 Beisses
367 2745 396 2800 et
410 2739 575 2802 Franoeohi
591 2745 619 2802 et
634 2739 735 2801 Monte
746 2738 891 2802 Rotundo
911 2737 994 2802 dedit
1004 2743 1035 2802 et
1052 2739 1202 2804 concessit
1217 2739 1309 2804 libere
1320 2743 1349 2808 et
1359 2737 1507 2811 absolute,
1523 2744 1552 2800 et
1565 2738 1647 2820 quod

232 2833 334 2898 vicarii
351 2835 390 2901 ah
408 2835 475 2916 ipso
488 2833 623 2920 capitulo
642 2837 674 2898 in
692 2835 741 2898 his
761 2833 854 2900 nehus
872 2837 1014 2898 tenebant
1029 2835 1068 2900 ah
1080 2837 1148 2918 ipso
1160 2836 1335 2902 Guichardo
1347 2841 1378 2898 et
1396 2835 1519 2898 domina
1534 2835 1648 2898 Blanca

230 2929 372 3012 deinceps
388 2931 543 3000 tenebunt.
565 2935 610 2998 De
622 2937 720 2996 castro
734 2947 806 2996 vero
824 2933 1007 3000 Montaniaci
1022 2933 1138 2996 dictum
1155 2933 1212 2996 luit
1226 2938 1256 2994 et
1269 2933 1472 3014 approbatum
1489 2938 1519 2994 et
1532 2933 1569 2996 ah
1582 2933 1649 3012 ipso

231 3027 406 3090 einhardo
426 3029 617 3107 recognitum
637 3029 670 3092 in
691 3029 842 3108 presentia
865 3029 1016 3103 omnium,
1033 3028 1114 3110 quod
1135 3030 1227 3092 etiam
1243 3029 1353 3092 milites
1374 3035 1403 3094 et
1422 3030 1563 3096 homines
1577 3031 1648 3093 dicti

230 3125 319 3188 castri
333 3125 546 3188 universaliter
559 3129 591 3188 et
604 3125 790 3188 unammiter
805 3132 1045 3210 recognoverant
1063 3131 1092 3187 et
1110 3125 1261 3188 tostillooti
1284 3125 1418 3202 fuerant,
1434 3125 1516 3206 quod
1530 3142 1649 3189 menno·

148 3290 152 3300 ,
231 3229 314 3288 ratus
326 3224 520 3288 Grnichardus
534 3229 668 3288 castrum
683 3225 865 3288 Montaniaci
875 3229 958 3288 tenet
968 3225 1008 3288 ah
1018 3223 1247 3304 archiepiscopo
1261 3231 1292 3287 et
1301 3223 1646 3306 ecclesia-Lugdunensi,

230 3319 344 3384 atinde
358 3327 403 3384 est
417 3322 511 3384 homo
526 3319 617 3401 ligius
630 3321 781 3400 ipsorum,
801 3321 937 3400 exceptis
950 3325 1066 3400 septem
1078 3321 1173 3398 pedis,
1186 3335 1263 3400 otios
1276 3308 1649 3402 sepedictusGuichardus

230 3431 263 3479 se
284 3431 338 3496 pro
352 3413 453 3482 alodio
472 3417 504 3480 in
518 3417 587 3498 ipso
601 3423 700 3482 castro
718 3415 838 3480 dicebat
857 3417 986 3488 hahero;
1009 3415 1132 3494 qnando
1151 3421 1379 3478 verumutetur
1398 3415 1648 3497 archiepiscopus

230 3513 458 3592 Lugdunensis,
481 3511 529 3576 vel
549 3515 672 3596 quando
690 3521 826 3580 mutatur
852 3513 994 3576 dominus
1017 3512 1214 3588 llontaniaoi,
1239 3511 1329 3575 dehet
1349 3513 1376 3576 ei
1399 3513 1648 3594 archiepiscopus

231 3615 382 3675 trecentos
399 3607 513 3672 solidos
525 3611 661 3682 tortium,
677 3609 801 3688 quando
820 3609 891 3672 lacit
903 3609 1082 3688 homagium
1096 3609 1204 3690 ipsius.
1223 3609 1361 3672 Castrum
1375 3610 1478 3690 ipsunt
1493 3611 1559 3674 slne
1573 3625 1648 3672 con-

230 3701 411 3768 tradictione
424 3699 538 3784 aliqua,
555 3707 588 3770 in
603 3723 677 3788 pace
692 3713 722 3770 et
735 3705 766 3768 in
781 3722 902 3786 guerra,
920 3707 1065 3786 quociens
1079 3705 1309 3788 archiepiscopo
1319 3707 1513 3786 Lugdunensi
1530 3705 1647 3786 placue

229 3799 270 3866 rit
283 3805 313 3862 et
322 3797 462 3876 voluerit,
478 3801 579 3866 eidem
593 3801 825 3884 archiepiscopo
840 3801 966 3866 reddere
980 3807 1109 3866 tenetur.
1126 3803 1244 3865 Domus
1262 3809 1363 3866 autern
1382 3803 1483 3879 castri,
1500 3819 1560 3882 que
1579 3819 1646 3884 cap-

229 3896 345 3962 delium
360 3897 482 3974 dicitur,
498 3899 624 3980 propria
637 3906 683 3962 est
696 3905 725 3964 et
743 3899 816 3978 ligia
834 3899 1057 3978 archiepiscopi
1078 3897 1300 3978 Lugdunensis,
1324 3897 1420 3962 libera
1433 3905 1462 3960 et
1483 3899 1594 3980 quieta,
1617 3905 1647 3962 et

229 3995 377 4074 quociens
389 3995 538 4076 placuerit
549 3997 791 4078 archiepiscopo,
809 3996 1003 4060 uuiclrardus
1016 3986 1105 4060 delict
1116 3995 1214 4058 cidem
1227 3995 1352 4060 domum
1367 3993 1545 4058 liberaread
1557 3995 1647 4059 hahi-

228 4091 355 4158 andum
376 4092 423 4156 rel
443 4093 619 4170 tenendum,
641 4099 792 4174 quantum
812 4093 870 4156 sihi
897 4091 1054 4172 placuerit,
1076 4099 1213 4172 tempore
1234 4107 1343 4170 guerre
1364 4085 1425 4154 rel¹
1438 4092 1531 4172 pacis,
1557 4093 1645 4172 quasi

226 4205 327 4250 suom.
341 4192 412 4268 Ipso
427 4206 497 4254 vcro
516 4191 748 4272 archiepiscopo
760 4190 887 4254 domurn
902 4189 1082 4264 dimittente,
1102 4187 1179 4254 nolli
1194 4193 1292 4268 potest
1301 4203 1368 4250 eam
1383 4187 1574 4252 committere
1586 4187 1645 4250 nisi

221 4283 288 4360 ianr
310 4286 391 4348 dicto
412 4287 599 4354 Guichardo.
620 4287 772 4368 Quicquid
797 4291 900 4350 eutem
921 4285 954 4348 in
975 4301 1097 4350 recessu
1113 4303 1168 4350 suo
1187 4287 1218 4348 in
1240 4285 1376 4366 predicto
1391 4285 1481 4348 domo
1497 4283 1647 4350 dimiserit

227 4381 490 4464 archiepiscopus,
506 4383 573 4465 ipse
588 4383 783 4450 Guichardus
796 4385 854 4448 suh
869 4389 1009 4463 compoto
1024 4389 1053 4446 ct
1071 4383 1184 4462 scripto
1198 4373 1350 4446 custodire
1365 4383 1445 4446 hona
1459 4382 1518 4444 hdo
1532 4389 1562 4446 et
1576 4383 1648 4445 red-

227 4477 302 4544 dere
316 4481 526 4545 dehetoidem.
547 4485 583 4545 Iu
593 4481 701 4545 eodem
717 4489 815 4546 castro
827 4499 889 4544 non
903 4481 992 4545 dohet
1006 4481 1148 4548 edificare
1163 4475 1422 4560 archiepiscopus,
1439 4479 1498 4568 nisi
1509 4481 1539 4542 in
1555 4479 1647 4544 domo

226 4577 370 4655 capdelli.
387 4579 522 4660 Siquam
533 4579 694 4646 hominem
707 4577 746 4642 de
760 4585 869 4653 castro,
886 4587 986 4660 preter
1000 4579 1139 4654 militem,
1149 4579 1331 4658 accepitpro
1344 4577 1470 4640 homine
1481 4578 1647 4658 archiepis-

227 4687 336 4752 copus,
350 4673 466 4737 dimisit
481 4680 511 4737 et
522 4675 678 4754 guirpivit,
697 4691 754 4738 nec
765 4675 804 4738 de
817 4681 918 4737 cetero
932 4675 1023 4738 dehet
1036 4675 1172 4760 recipere
1189 4673 1324 4754 aliquem
1344 4689 1400 4752 pro
1419 4673 1544 4736 homine
1567 4673 1648 4736 intra

227 4775 376 4842 castrum,
396 4769 456 4833 nisi
476 4771 609 4846 militea;
628 4771 681 4834 sed
695 4787 750 4833 nac
772 4771 832 4852 ipsi
855 4770 968 4836 milites
989 4780 1120 4854 possunt
1136 4789 1204 4836 esse
1218 4771 1360 4836 homiues
1374 4769 1596 4850 archiepiscopi
1610 4769 1647 4834 de

226 4865 334 4943 aliquo
351 4865 431 4943 quod
448 4865 583 4930 habeant
599 4869 679 4931 iulia
689 4875 835 4931 castrum.
853 4867 983 4944 Querela
997 4887 1057 4950 que
1072 4877 1135 4932 erat
1148 4869 1186 4932 de
1199 4869 1338 4949 captione
1353 4867 1451 4930 Giriui
1464 4867 1502 4930 de
1517 4867 1649 4930 Clnrma·

228 4959 272 5022 tin
289 4961 470 5024 nominatim
489 4963 547 5026 luit
562 4965 701 5042 quittnto
724 4963 767 5026 Do
781 4965 997 5028 mandamento
1011 4966 1102 5028 castri
1117 4966 1290 5027 dictumest
1307 4961 1389 5042 quod
1410 4979 1502 5026 omne
1518 4961 1648 5030 manda-

228 5059 370 5126 mentum
390 5055 481 5134 etjus
495 5059 714 5138 mandamenti,
731 5061 808 5130 sicut
828 5061 958 5130 evicerat
978 5067 1007 5128 et
1028 5061 1201 5130 ohdnuerat
1223 5075 1326 5128 coram
1347 5055 1587 5137 archiepiscopo,
1611 5073 1648 5120 eo

1098 5171 1103 5178 ·
1390 5157 1429 5224 t‘o'
