4314 6058
1048 799 1153 864 661666
1175 817 1429 866 vusrrrrcsrrvrs.

763 1223 932 1286 1661666661
946 1223 983 1288 de
997 1223 1129 1288 11666661
1144 1223 1181 1287 de
1200 1229 1313 1298 16666,
1333 1221 1522 1306 credantque
1546 1221 1583 1287 de
1601 1228 1700 1310 1666.

1090 1357 1128 1418 16
1140 1355 1264 1420 octobre
1279 1357 1368 1419 1116.

561 1481 735 1548 innomine
751 1483 847 1548 ihesu
863 1487 985 1552 Chrbti.
1004 1489 1068 1568 Ego
1082 1489 1280 1570 Raynaudus,
1299 1487 1513 1568 Lugdunensis
1529 1489 1787 1570 archiepiscopus,
1805 1489 1839 1552 in
1857 1487 1937 1552 bona

521 1587 551 1640 61
563 1593 638 1642 sana
651 1580 800 1644 memoria
811 1584 1004 1666 constitutus,
1026 1585 1060 1668 in
1080 1585 1257 1652 infirmitate
1272 1592 1374 1650 tamen
1396 1585 1525 1666 positus,
1541 1601 1613 1650 cum
1626 1583 1712 1650 dubii
1732 1584 1795 1648 sint
1812 1590 1937 1648 eventus

521 1675 684 1740 bominum
697 1682 728 1742 et
740 1678 859 1756 incerti,
879 1679 1108 1748 considerantes
1122 1681 1205 1764 quod
1229 1677 1387 1748 inmnltis
1407 1682 1604 1758 attendimus,
1628 1687 1681 1745 ant
1703 1677 1839 1745 indebite
1863 1683 1937 1744 ratt-

520 1771 632 1848 nendo,
648 1779 701 1836 aut
721 1771 803 1838 16616
816 1775 1002 1856 accipiendo,
1018 1783 1072 1842 aut
1090 1795 1252 1859 perperam
1266 1779 1426 1857 exigendo,
1442 1793 1550 1842 eorum
1568 1778 1750 1840 restitutioni
1762 1773 1812 1840 vel
1835 1773 1934 1840 saltim

518 1867 716 1932 satislactioni
729 1871 888 1938 consulere
901 1877 1057 1955 cupientes
1069 1877 1171 1956 potius
1185 1891 1279 1956 quam
1292 1876 1346 1940 alii
1358 1891 1463 1940 rerum
1476 1873 1679 1953 dispositioni,
1694 1873 1733 1938 de
1749 1873 1811 1936 hiis
1825 1889 1886 1954 que
1902 1875 1934 1938 in

518 1965 741 2044 presentiarum
757 1967 908 2034 habemns
921 1971 1022 2036 taliter
1035 1971 1233 2044 ordinamus:
1257 1973 1294 2034 tn
1313 1972 1421 2053 primis
1442 1970 1629 2051 precipimus
1645 1975 1677 2032 et
1694 1966 1836 2032 volumus
1853 1970 1932 2050 quod

517 2061 667 2129 clamores
681 2067 778 2128 nostri
787 2067 987 2147 pacificentur
998 2067 1037 2132 ad
1057 2069 1220 2134 arbitrium
1234 2073 1437 2148 exequtorum
1452 2069 1638 2128 nostrorum.
1659 2066 1704 2126 De
1718 2064 1841 2128 residuo
1862 2081 1932 2128 vero

517 2157 600 2238 quod
619 2158 711 2224 luerit
733 2159 777 2224 ita
797 2161 989 2244 disponimus
1007 2180 1015 2227 :
1031 2164 1119 2246 operi
1134 2163 1260 2242 maioris
1280 2163 1405 2228 ecclesie
1423 2161 1635 2242 Lugdunensis
1658 2167 1780 2224 centum
1798 2177 1929 2235 marcas;

516 2251 707 2321 helemosina
725 2257 834 2336 majori
850 2257 989 2338 ejusdem
1009 2257 1136 2324 ecclesia
1154 2260 1323 2339 quingenta
1337 2257 1544 2324 mornantesia
1561 2254 1708 2336 siliginis;
1724 2258 1762 2320 nd
1784 2273 1933 2336 augmen-

514 2355 582 2416 tum
593 2352 792 2436 anniversarii
805 2356 911 2432 nostri,
926 2355 1007 2436 quod
1019 2357 1108 2421 debet
1122 2357 1220 2420 tacere
1230 2355 1469 2422 obedientiarius
1483 2352 1520 2417 de
1536 2352 1706 2432 dopndren,
1719 2359 1843 2416 eentum
1856 2370 1933 2418 mar-

514 2461 576 2510 cas.
594 2447 765 2530 Unicuique
777 2450 877 2514 littvum
895 2453 1137 2532 presbiterorum
1153 2451 1292 2533 ejusdem
1302 2449 1430 2515 ecclesie
1444 2451 1495 2514 xt
1510 2447 1624 2513 solidos
1638 2449 1768 2530 torcium
1782 2449 1932 2519 donamus

465 2603 466 2608 ,
513 2549 546 2607 61
558 2541 708 2624 legamus.
722 2547 815 2628 Operi
826 2548 952 2614 ecclesia
961 2549 1065 2614 Sancti
1074 2551 1091 2614 J
1094 2550 1154 2614 usti
1168 2555 1291 2620 centum
1303 2563 1433 2624 marcas,
1448 2553 1479 2610 et
1489 2545 1589 2612 eidem
1598 2543 1726 2610 ecclesia
1737 2549 1762 2610 V
1773 2549 1804 2612 11
1817 2548 1931 2612 solidos

514 2643 642 2708 tortium
664 2643 703 2708 ad
722 2645 939 2729 acquirendam
958 2652 1083 2721 terram,
1102 2646 1185 2710 unde
1208 2661 1279 2710 cum
1299 2651 1386 2725 parte
1402 2644 1458 2708 1116
1477 2643 1594 2708 decima
1615 2641 1653 2706 de
1675 2643 1823 2719 Quinceu,
1838 2661 1930 2726 quam

513 2738 732 2818 acquisivimus
752 2740 850 2820 pratia
869 2743 899 2806 11
918 2741 1087 2804 solidorum
1105 2741 1242 2816 tortium,
1267 2742 1321 2806 tiat
1339 2739 1584 2804 anniversarium
1601 2744 1741 2802 nostrum
1768 2739 1800 2802 16
1823 2739 1929 2804 eadem

514 2831 643 2900 ecclesia
658 2835 698 2898 ad
714 2835 947 2900 similitudinem
961 2837 1162 2900 anniversarii
1179 2837 1298 2900 comitis
1310 2835 1449 2911 Artaudi,
1463 2833 1614 2900 donamus
1633 2842 1663 2899 et
1681 2832 1834 2914 laganum
1851 2836 1927 2900 illud

514 2937 650 3012 preterea
669 2931 751 3012 quod
767 2933 984 3012 acquisivimus
1000 2933 1039 2996 ad
1053 2935 1216 3013 Gravsseu,
1228 2948 1299 2996 cum
1317 2932 1472 3012 acquisitis
1487 2949 1543 3012 per
1556 2949 1613 2996 nos
1626 2933 1659 2996 in
1672 2931 1758 2998 Valle
1772 2935 1925 3010 sehunna,

514 3033 674 3092 remanent
687 3027 786 3091 eidem
800 3023 927 3092 ecclesie
941 3028 1043 3092 Sancti
1055 3028 1135 3092 lusti
1151 3027 1191 3092 ad
1207 3027 1451 3092 anniversarium
1464 3025 1571 3092 matris
1593 3033 1697 3092 nostre
1711 3037 1741 3092 et
1756 3035 1927 3094 antecesso-

514 3139 584 3188 rum
601 3127 776 3188 nostrorum
796 3123 839 3187 ihi
856 3123 1003 3189 iaciendo.
1024 3121 1221 3188 lielemssine
1242 3123 1380 3204 ejnsdem
1393 3123 1520 3188 ecclesie
1548 3125 1617 3188 CCC
1637 3125 1843 3200 mornantesia
1862 3123 1926 3190 sili-

513 3218 609 3299 ginta
626 3219 736 3300 cuique
751 3219 887 3300 quinque
899 3221 1140 3300 presbiterorum
1155 3219 1207 3299 qui
1220 3219 1395 3284 deserviunt
1403 3219 1512 3298 majori
1529 3215 1617 3282 altari
1631 3220 1663 3284 in
1680 3221 1788 3285 eadem
1801 3220 1927 3286 ecclesia

513 3317 569 3380 xx
584 3313 698 3379 solidos
708 3315 833 3379 tortium
844 3314 994 3378 donamus
1008 3321 1038 3378 et
1054 3315 1201 3394 legamus.
1217 3315 1352 3378 Ecclesia
1364 3315 1467 3380 Sancti
1483 3313 1570 3380 Pauli
1584 3315 1733 3380 donamus
1744 3324 1775 3382 et
1789 3316 1926 3397 legamus

512 3416 543 3480 11
556 3411 669 3479 6611166
682 3414 806 3476 tortium
818 3411 857 3474 ad
876 3412 1094 3492 acquirendam
1106 3419 1220 3476 terram
1239 3428 1296 3492 pro
1310 3411 1517 3474 anniversario
1530 3419 1633 3476 nostro
1647 3413 1761 3478 ibidum
1775 3415 1923 3479 iaciendo.

513 3505 709 3574 lielemosine
735 3507 871 3588 eiusdem
892 3508 1016 3571 ecclesie
1039 3510 1109 3572 CCC
1128 3507 1336 3572 mornantesia
1362 3506 1503 3586 siliginis.
1528 3507 1660 3572 Ecclesia
1684 3510 1788 3573 Sancti
1806 3512 1926 3592 ¹Yrenep

512 3607 543 3670 11
563 3611 594 3668 61
617 3605 643 3668 D
662 3603 777 3668 6611166
796 3603 921 3666 tortium
939 3604 977 3666 ad
1000 3603 1218 3684 acquirendam
1240 3609 1354 3666 terram
1376 3617 1434 3682 pro
1457 3603 1667 3668 anniversario
1687 3611 1793 3670 666166
1813 3606 1927 3672 ibidem

513 3699 662 3764 iaciendo.
680 3697 815 3764 Ecclesia
834 3695 919 3762 Belle
933 3697 1012 3762 Villa
1029 3701 1147 3764 quaens.
1159 3697 1273 3762 solidos
1297 3699 1421 3762 tortium
1440 3699 1478 3762 ad
1498 3699 1718 3779 acquirendam
1737 3708 1850 3766 terram
1870 3719 1926 3783 pro

512 3796 719 3862 anniversario
743 3801 846 3858 nostro
860 3795 974 3860 ibidem
984 3795 1132 3860 iaciendo.
1149 3795 1283 3860 Ecclesia
1299 3795 1504 3860 Athanacensi
1516 3798 1605 3860 llllor
1620 3799 1651 3862 n
1673 3796 1788 3862 solidos
1802 3799 1927 3864 tortium

512 3902 543 3960 et
555 3891 682 3960 bladum
703 3893 786 3974 quod
801 3897 882 3956 esset
899 3892 938 3956 ad
951 3892 1080 3956 0rlenas
1100 3891 1139 3956 ad
1153 3890 1372 3971 acquirendam
1383 3897 1497 3955 terram
1511 3907 1567 3970 pro
1579 3891 1796 3954 anniversariis
1814 3893 1926 3956 nostris

511 3991 627 4056 ibidem
641 3989 798 4054 iaciendis.
815 3986 949 4052 Ecclesia
962 3987 1064 4052 insule
1081 3987 1215 4052 Barbare
1235 3993 1359 4052 centurn
1377 4003 1496 4050 marcas
1515 3985 1554 4050 ad
1577 3986 1795 4066 acquirendam
1816 3995 1926 4050 terram

512 4103 569 4168 pro
582 4085 800 4152 anniversariis
819 4083 932 4148 nostris
946 4083 1060 4148 ibidem
1078 4083 1233 4148 iaciendis.
1254 4081 1388 4146 Ecclesia
1411 4080 1542 4147 Platerie
1564 4079 1721 4146 Dsolidos
1744 4081 1869 4145 tortium
1887 4082 1926 4144 ad

511 4183 729 4265 acquirendam
742 4187 857 4246 terram
875 4196 932 4262 pro
947 4179 1153 4244 anniversario
1167 4185 1271 4244 nostro
1284 4178 1399 4244 ibidem
1413 4177 1561 4242 iaciendo.
1581 4178 1713 4240 Ecclesia
1726 4177 1829 4242 Sancti
1844 4179 1926 4241 Petri

510 4278 658 4344 Puellaris
673 4279 792 4344 lllloeut
807 4275 921 4342 solidos
931 4277 1057 4342 tortium
1068 4276 1108 4340 61
1118 4275 1336 4356 acquirendam
1350 4282 1466 4340 terram
1479 4276 1512 4339 in
1524 4273 1710 4354 adjutorium
1725 4274 1927 4338 anniversarii

510 4373 619 4448 nostri,
633 4371 716 4454 quod
729 4371 818 4436 nobis
832 4371 931 4436 iacere
945 4372 1161 4452 promiserunt.
1182 4371 1315 4436 Ecclesia
1331 4368 1523 4434 cluniacensi
1535 4373 1658 4432 centum
1672 4383 1792 4432 marcas
1805 4373 1835 4430 et
1849 4366 1926 4430 duas

509 4475 612 4549 partas
623 4467 707 4532 bladi
719 4465 801 4548 quod
819 4467 1001 4532 haberemus
1014 4466 1054 4530 ad
1066 4464 1206 4546 Taluves,
1220 4466 1259 4530 ad
1275 4465 1494 4547 acquirendam
1516 4471 1628 4532 terram
1646 4483 1703 4548 pro
1717 4464 1928 4528 anniversario

510 4561 1351 4644 6ο61661166166116616616;16661666611666666161611
1368 4571 1522 4629 66666661
1536 4565 1653 4630 ibidem
1668 4563 1763 4646 priori
1775 4561 1829 4642 qui
1840 4560 1928 4624 subs-

509 4663 635 4728 tituatur
648 4659 688 4724 ad
703 4658 897 4724 seruandum
917 4656 1087 4722 ecclesiam.
1103 4657 1669 4726 116611666666616616866161666661
1685 4663 1730 4726 CC
1752 4659 1845 4724 libras
1861 4657 1928 4722 ior-

508 4760 586 4824 tinm
603 4763 634 4822 61
644 4753 772 4822 bladum
790 4755 873 4836 quod
884 4761 962 4820 esset
975 4755 1014 4820 ad
1028 4757 1181 4830 btornant,
1203 4755 1243 4820 'ad
1261 4755 1479 4836 acquirendam
1498 4764 1611 4822 terram
1628 4775 1685 4840 pro
1708 4753 1928 4820 anniversariis

507 4854 621 4924 nostris
639 4853 673 4920 in
685 4851 978 4918 abbatiataciendis.
993 4851 1087 4932 Operi
1108 4851 1236 4916 ecclesie
1254 4849 1927 4924 1666666666666666661166666666,

508 4949 648 5020 alcidem
658 4945 784 5018 ecclesie
795 4946 872 5015 alias
886 4953 1009 5016 centum
1019 4947 1114 5016 libras
1128 4947 1252 5014 tortium
1264 4947 1303 5013 ad
1320 4949 1538 5031 acquirendam
1550 4957 1662 5018 terram
1672 4967 1730 5032 pro
1747 4946 1932 5013 anniversa-
