4330 6050
876 733 1116 782 INTRODUGTION.
1616 740 1698 786 xilll
1722 731 1724 734 ¹

330 843 405 926 llul,
423 843 503 934 quel
521 865 590 936 que
613 843 743 918 iutson
766 846 868 938 rangss
890 869 955 920 son
980 851 1129 942 origine,
1147 871 1191 920 ne
1213 855 1355 944 ponaait
1377 856 1449 924 4444
1472 854 1640 944 dispenso
1656 855 1699 923 de

287 961 376 1020 cetto
387 947 573 1020 4444441444.
584 953 627 1020 ta
639 971 829 1022 commune
839 958 1044 1028 ronommec
1056 979 1102 1027 ne
1114 957 1352 1050 suffiseitpes.
1365 965 1518 1051 leoqucs
1530 957 1701 1030 stllohert

287 1056 331 1124 444
345 1057 495 1138 (tenere,
506 1055 662 1148 quoique
675 1055 869 1129 cardinaux
885 1070 920 1130 et
933 1057 1038 1130 d'une
1054 1059 1465 1146 4441444444444444444,
1482 1061 1601 1134 lurent
1612 1063 1702 1134 obli-

288 1165 350 1251 ges
366 1161 679 1250 dcs'ysonmcttre
705 1182 795 1251 pour
821 1164 893 1233 4444
916 1184 1019 1252 rocus
1045 1164 1239 1238 4444444444
1265 1167 1473 1250 d’lronneur,
1499 1168 1596 1238 444444
1616 1167 1700 1238 bien

289 1289 356 1359 qne
372 1265 718 1356 Philippo-leuaret,
736 1265 805 1340 duc
825 1268 868 1338 de
890 1273 1110 1362 nourgogne,
1131 1277 1229 1356 Jeen,
1247 1271 1315 1344 duc
1331 1273 1375 1344 de
1389 1276 1495 1358 Berri.
1512 1273 1569 1342 lils
1586 1272 1631 1343 du
1649 1275 1700 1344 roi

157 1411 160 1417 ·
179 1429 184 1438 .
289 1380 388 1454 44444,
405 1385 440 1443 44
453 1371 608 1456 44444444,
624 1373 692 1443 duc
708 1371 751 1444 do
769 1375 902 1444 savoie.

334 1485 376 1549 te
391 1479 470 1548 titre
483 1477 527 1548 de
548 1477 828 1550 coenosae-comte
851 1479 911 1571 qui
931 1501 952 1568 y
977 1481 1060 1550 44444
1080 1482 1216 1553 44444444
1238 1484 1357 1556 laisait
1370 1487 1544 1555 4444444444
1563 1486 1703 1554 recher-
1748 1525 1752 1534 ·

290 1585 373 1654 oller
395 1584 447 1653 les
468 1583 667 1674 prebentes
700 1582 744 1652 dc
776 1582 912 1672 l'eglise
941 1587 1235 1676 metropolitains.
1262 1593 1325 1660 Les
1351 1589 1432 1680 plus
1459 1588 1612 1682 grandes
1646 1591 1702 1658 in-

289 1693 445 1760 lluences
458 1688 589 1760 etaient
602 1689 710 1760 misce
730 1697 775 1759 cn
792 1689 855 1779 jen
878 1711 967 1780 pour
989 1690 1040 1761 les
1063 1691 1211 1763 obtenir.
1227 1698 1378 1764 servem
1397 1693 1575 1764 mtmclcs
1591 1715 1702 1786 pepes

205 1807 210 1819 “
292 1818 335 1866 en
351 1795 605 1866 demunderent
628 1815 719 1884 pcnr
734 1792 829 1864 leurs
846 1793 986 1865 iccoris.
1003 1800 1051 1866 En
1074 1801 1171 1879 4444,
1193 1803 1417 1870 4444444444
1439 1799 1558 1870 voulut
1589 1799 1633 1868 de
1663 1821 1703 1870 44

293 1922 420 1994 propre
432 1900 579 1971 44444444
597 1898 761 1990 disponer
774 1899 818 1970 de
830 1899 1128 1994 quelques-nncs;
1147 1903 1493 1977 non-seulementles
1509 1905 1702 1976 chanoines

293 2006 489 2076 4444444444
503 2004 784 2074 44444444444444
803 2003 855 2074 444
870 2005 1102 2092 prebendiers
1122 2011 1283 2080 44444444
1303 2009 1441 2100 perlui,
1464 2010 1553 2080 mais
1573 2029 1702 2080 encore
1726 2053 1736 2060 -

266 2189 267 2192 ,
295 2107 1106 2200 4444444444444444444444444444444444444444
1119 2115 1173 2202 ll).
1193 2117 1242 2183 lin
1258 2118 1355 2198 4283,
1369 2113 1703 2186 444444444444444

296 2214 735 2307 tlargueritedemenrlact
750 2214 862 2310 obtint
878 2237 925 2286 nn
941 2217 1128 2287 senonicat
1141 2238 1230 2308 pour
1247 2218 1463 2302 cGuichard,
1475 2219 1532 2290 fils
1544 2219 1587 2291 de
1598 2221 1703 2292 noble

183 2369 185 2372 -
295 2322 467 2392 chevalier
488 2319 684 2392 Guillaume
707 2319 751 2390 de
775 2327 860 2410 Juys
884 2350 902 2382 4
926 2325 984 2411 ln).
1007 2327 1052 2392 Le
1075 2325 1118 2394 43
1136 2323 1253 2414 juillet
1274 2329 1372 2407 4394,
1390 2323 1426 2394 44
1447 2324 1516 2418 dcc
1541 2326 1585 2397 de
1607 2329 1703 2398 Berri

297 2429 445 2500 sollicita
459 2448 528 2496 unc
542 2424 723 2518 prebende
739 2448 783 2496 en
803 2426 924 2497 favour
939 2426 982 2497 de
996 2429 1132 2500 Tristem
1149 2428 1196 2499 du
1209 2435 1309 2522 Repe,
1325 2431 1514 2503 conseiller
1534 2443 1569 2503 et
1581 2436 1708 2504 4444444

298 2537 358 2620 des
381 2534 544 2624 requetes
565 2532 609 2601 de
634 2530 750 2602 l'lrtltel
773 2532 821 2602 du
845 2531 911 2614 roi,
927 2542 1090 2602 attestant
1114 2535 1160 2604 les
1181 2539 1313 2606 44444444
1336 2525 1372 2606 44
1386 2536 1580 2630 socffisoacc
1603 2540 1643 2610 de
1660 2564 1705 2612 -so

296 2661 454 2734 personne
476 2649 508 2708 et
529 2639 623 2707 cassi
641 2637 676 2706 lo
694 2637 788 2706 noble
807 2639 1002 2728 9444444444
1027 2638 1106 2707 doat
1124 2639 1149 2706 il
1177 2651 1227 2708 444
1246 2643 1330 2708 israe
1352 2645 1556 2730 etprocreez
1579 2645 1636 2731 (3).
1660 2649 1704 2714 Le

297 2900 350 2961 mil
374 2901 445 2962 CCC
466 2899 614 2962 txxvtl.
629 2901 855 2961 -Permons
884 2895 985 2960 lednc
1001 2903 1031 2958 ct
1054 2894 1229 2971 lieutenent,
1257 2899 1284 2958 J.
1307 2885 1458 2966 44444444.
1484 2895 1641 2976 (Anchises
1665 2896 1705 2958 du

298 2996 417 3070 4444444,
434 2997 523 3060 Actes
537 2995 743 3076 capituleires,
759 2997 791 3057 4ο
804 2991 876 3066 vol„
891 2992 985 3092 4444.)

419 3148 434 3184 e
458 3116 567 3188 llmcs'
585 3130 647 3188 4444
668 3124 743 3187 cher
760 3125 919 3203 seigneurs
940 3127 971 3184 ct
988 3137 1080 3200 grans
1099 3123 1175 3185 nmis
1200 3122 1228 3186 le
1244 3121 1334 3185 dolen
1352 3129 1383 3186 et
1400 3124 1539 3203 chapitre
1563 3125 1601 3189 dc
1624 3127 1708 3204 Lyon

496 3239 550 3286 sur
563 3222 593 3286 le
607 3223 706 3286 44444.

340 3351 355 3386 e
378 3333 441 3393 4444
452 3333 513 3392 tres
524 3325 598 3391 cher
612 3325 755 3406 seigneur
769 3332 799 3390 44
809 3327 898 3389 amis.
917 3327 1075 3388 comment
1086 3331 1174 3387 notre
1184 3327 1215 3386 4.
1227 3327 1303 3388 Ρ444
1315 3324 1344 3388 44
1354 3327 1437 3406 Pape
1451 3327 1645 3392 4444444444
1659 3345 1709 3392 44-

300 3425 426 3493 cretorio
438 3426 634 3507 4444444444
646 3423 683 3488 de
696 3429 781 3488 44444
799 3421 896 3503 eglise
909 3422 947 3486 dc
957 3423 1042 3501 Lyon
1056 3437 1074 3483 a
1087 3437 1161 3484 mon
1173 3421 1258 3484 cusin
1274 3419 1451 3486 Guillenme
1465 3426 1585 3500 Emoin‚
1601 3432 1631 3489 et
1651 3425 1711 3487 soit

300 3527 384 3588 ainsc
398 3539 458 3604 qne
474 3539 549 3586 vous
562 3537 601 3586 ne
614 3537 708 3602 povez
723 3520 857 3602 prendre
870 3535 908 3583 44
922 3519 1058 3583 44444444
1072 3532 1223 3598 personne
1235 3533 1295 3598 qua
1309 3533 1384 3582 rous
1401 3536 1440 3582 44
1453 3537 1542 3602 soyez
1555 3522 1710 3584 cniormez

300 3621 373 3703 qn’ll
386 3623 445 3688 soit
456 3620 546 3700 noble
558 3620 595 3684 dc
604 3622 677 3702 perc
690 3625 721 3683 et
732 3621 827 3694 merc,
838 3619 871 3697 je
885 3634 959 3682 4444
968 3612 1094 3682 certiffie
1105 3633 1160 3696 par
1174 3632 1224 3680 ces
1234 3623 1390 3698 presentes
1405 3623 1434 3680 et
1445 3634 1500 3699 par
1513 3633 1564 3683 me
1575 3619 1625 3700 loy
1634 3618 1710 3702 qu'il

300 3717 481 3783 4444444444
492 3724 521 3781 44
535 3717 573 3781 dc
584 3716 676 3780 noble
689 3714 790 3796 lignee
802 3715 840 3778 de
852 3717 925 3796 pere
938 3721 969 3778 et
983 3714 1125 3786 demere,
1142 3719 1250 3775 etc.....
1268 3715 1375 3793 4444444
1391 3713 1409 3775 i
1426 3715 1521 3789 Paris,
1536 3712 1565 3778 le
1582 3727 1631 3778 444ο
1640 3716 1712 3794 jour

302 3815 476 3894 dejonvier.
489 3846 514 3859 -
537 3815 615 3892 Gup,
630 3811 773 3891 seigneur
785 3812 822 3874 de
836 3810 867 3874 lo
877 3809 1053 3886 44444444444,
1061 3809 1256 3874 chambellan
1268 3810 1411 3875 demens.
1424 3811 1463 3876 de
1475 3813 1678 3892 Bourgoignc.
1694 3831 1710 3870 4

204 3953 207 3956 -
303 3909 539 3991 (rorasse.)

344 4006 383 4088 (l)
405 4005 532 4079 lebret,
547 4005 709 4070 Meiraoires
719 4023 803 4086 poor
811 4006 913 4071 servir
926 4002 946 4066 ἀ
958 4003 1119 4069 4444444444
1130 4004 1167 4067 de
1176 4001 1317 4078 nomber,
1335 4022 1365 4084 p.
1384 4008 1451 4068 494.

341 4103 381 4184 lt)
403 4104 440 4166 V.
456 4100 602 4168 Archivcs
612 4100 784 4174 4444444444,
797 4102 968 4164 4444444444
982 4101 1173 4173 saint-Jeep,
1190 4115 1267 4162 erm.
1283 4101 1395 4178 Aaron,
1409 4099 1467 4164 rol.
1486 4103 1534 4176 44,
1547 4113 1582 4163 n⁰
1592 4105 1622 4163 a.

345 4200 383 4282 (34
406 4222 422 4259 a
444 4195 750 4274 444444444444444
763 4198 835 4262 bien
847 4213 932 4262 44444
947 4197 991 4260 444
1003 4197 1101 4277 alopen
1115 4203 1145 4261 44
1158 4197 1295 4278 clmpitre
1307 4199 1345 4261 dc
1358 4201 1452 4278 Lyon.

347 4319 362 4354 4
383 4299 459 4360 Tres
480 4295 582 4358 chloro
606 4299 636 4357 44
649 4294 719 4358 bien
739 4309 836 4370 amec,
853 4311 932 4374 pour
944 4293 975 4357 le
988 4299 1056 4356 tres
1070 4299 1161 4372 grant
1182 4299 1213 4355 44
1233 4294 1399 4374 singulisne
1412 4295 1554 4360 affection
1568 4293 1717 4376 qnenous

301 4408 397 4459 44444
409 4391 448 4453 de
467 4391 496 4452 la
510 4404 662 4471 personne
676 4389 715 4452 de
727 4395 815 4452 notre
830 4389 1022 4455 4444444444
1037 4389 1109 4452 bien
1123 4393 1192 4452 ame
1214 4389 1340 4452 maistre
1350 4389 1524 4454 4444444444
1538 4393 1628 4472 Boys,
1650 4406 1718 4454 con-

301 4488 407 4551 seiller
427 4493 458 4550 44
468 4485 595 4549 maistre
612 4483 666 4549 des
680 4491 835 4564 requestos
848 4486 887 4550 de
901 4485 999 4550 l’ostel
1011 4485 1049 4549 de
1059 4499 1160 4548 mons.
1178 4483 1206 4547 le
1220 4501 1284 4564 roy,
1301 4486 1426 4550 4444444
1436 4489 1518 4550 44444
1535 4487 1580 4551 444
1595 4487 1719 4551 merites
1759 4547 1774 4568 ‚

301 4591 335 4648 44
355 4580 536 4647 sonllisence
553 4581 591 4644 de
604 4597 639 4644 44
650 4597 803 4661 personne
814 4588 845 4644 et
858 4584 941 4648 aussi
960 4581 992 4646 le
1010 4580 1101 4646 noble
1122 4581 1305 4660 generacion
1320 4581 1395 4644 dont
1406 4581 1429 4646 il
1446 4589 1492 4647 est
1503 4601 1591 4665 yssus
1605 4589 1635 4647 et
1646 4597 1721 4662 pro-

301 4682 403 4752 creec¹
421 4695 500 4742 4444
517 4677 669 4740 escrivons
689 4675 727 4739 de
747 4681 872 4756 present
885 4678 992 4753 devers
1015 4693 1101 4751 rous,
1122 4692 1161 4739 en
1181 4692 1256 4738 vous
1270 4677 1373 4755 priant
1391 4695 1451 4759 quo
1473 4697 1551 4761 pour
1570 4695 1680 4743 amour
1692 4683 1722 4743 ct

300 4775 549 4855 contemplacion
564 4771 603 4835 de
617 4771 750 4834 notrcdit
765 4773 952 4852 seigneuret
965 4774 1105 4846 decons,
1121 4787 1199 4834 vous
1215 4771 1354 4836 venilliec
1369 4774 1443 4838 ledit
1461 4775 1586 4840 maistre
1601 4775 1721 4840 Tristem

301 4873 472 4955 pourvcoir
484 4872 521 4934 444
537 4871 566 4934 io
580 4869 730 4951 premiere
745 4870 898 4948 prebende
916 4877 1067 4951 raequent
1081 4886 1119 4932 en
1132 4876 1216 4934 44444
1226 4869 1332 4950 eglise,
1348 4887 1385 4934 cn
1400 4871 1429 4934 le
1442 4873 1596 4951 preferant
1613 4871 1724 4936 devant
