4314 6058
737 861 842 926 erices
867 873 1121 924 rnsrrrronrruns.
1580 849 1637 912 lli

222 997 431 1082 incorporatis,
445 993 800 1074 errnirersariumipsius
811 991 963 1058 Bornoals
985 989 1144 1054 annuatm
1163 987 1262 1052 lacere
1280 991 1429 1052 terimur.
1446 987 1484 1048 lit
1496 1001 1535 1050 ne
1549 999 1642 1066 nuper

223 1097 377 1180 premissis
394 1094 498 1174 aliqm
519 1091 614 1154 valeat
634 1089 710 1154 oriri
731 1087 882 1164 dubietas,
904 1103 962 1152 nos
986 1091 1161 1168 presentem
1184 1091 1300 1150 canam
1314 1089 1483 1148 memorato
1505 1083 1641 1148 Bornoni

222 1197 362 1261 uelimus
379 1187 640 1256 inaestimoniunr
659 1183 754 1266 sigilli
772 1185 867 1250 nostri
888 1183 1059 1250 munimine
1079 1183 1265 1248 roboretum.
1288 1180 1399 1248 letum
1413 1195 1494 1244 anno
1516 1181 1640 1246 Domini

252 1305 267 1336 ο
439 1298 464 1348 0,

223 1297 251 1358 Μ
279 1295 339 1357 w
351 1289 438 1354 m
542 1387 711 1476 (neptum.
722 1419 762 1436 -
773 1383 920 1562 mphim
932 1387 976 1452 ‹lo
990 1381 1108 1460 atoue
1123 1383 1266 1452 Armoire
1279 1381 1398 1460 lobon,
1412 1383 1534 1452 volume
1549 1387 1598 1460 lo,

624 1485 708 1567 pilos
722 1496 758 1550 πο
775 1487 826 1548 μ’,

406 1925 588 1992 Forodotioo
604 1927 641 1992 da
653 1924 895 1992 l'oruu'cersoirs
910 1919 1074 1992 d'nuiaac
1093 1927 1130 1995 ds
1148 1925 1270 2004 Coloot,
1289 1925 1479 1996 clamorier.

847 2061 864 2124 J
867 2059 920 2124 uin
934 2061 1023 2124 llil.

265 2191 449 2266 villielmus,
469 2194 566 2272 prime
585 2191 799 2272 Lugdunensis
816 2190 944 2258 ecclesie
962 2191 1107 2268 decanus,
1132 2200 1162 2259 et
1182 2199 1279 2258 totum
1296 2195 1477 2276 capitulum,
1498 2197 1640 2264 omnibus

230 2295 383 2370 presentes
398 2288 514 2352 litteras
526 2289 710 2370 inspecturis
721 2287 851 2352 salutem
862 2289 894 2352 in
904 2287 1040 2354 domiuo.
1054 2291 1201 2354 Noverint
1214 2291 1348 2356 universi
1364 2299 1520 2373 presentes
1528 2297 1644 2375 pariter

228 2395 258 2450 et
271 2387 365 2450 tuturi
375 2387 456 2466 quod
472 2387 634 2452 Arrenius
648 2387 686 2450 de
702 2383 819 2460 colant,
833 2385 959 2450 ecclesie
977 2391 1080 2450 nostre
1093 2387 1292 2462 camerarius,
1307 2387 1433 2472 donavit
1445 2395 1476 2453 et
1486 2389 1519 2454 in
1531 2405 1643 2474 perpe-

231 2491 316 2546 tuum
325 2483 476 2548 concessit
488 2483 615 2546 ecclesie
626 2475 821 2562 lugdunensi
835 2481 960 2546 turnum
974 2481 1013 2546 do
1025 2481 1204 2562 Gorgollon,
1218 2483 1301 2564 qnod
1311 2485 1523 2566 acqmsierata
1536 2487 1645 2554 Girino

232 2585 346 2662 coquo,
373 2583 467 2646 tratre
489 2583 571 2646 Petri
591 2579 655 2656 Fal,
680 2587 711 2644 et
738 2588 835 2646 toturn
856 2586 1150 2662 conquerementnnr
1169 2579 1254 2662 quod
1275 2583 1437 2664 aeunnivu
1461 2583 1501 2652 oli
1518 2585 1645 2652 lllrerto

233 2677 359 2756 rieruet,
374 2679 483 2753 milite,
500 2675 619 2742 invilla
632 2681 662 2740 et
675 2677 707 2740 in
721 2675 884 2760 parrochie
897 2676 935 2740 de
949 2673 1110 2740 llillirn'aco
1131 2693 1187 2758 pro
1201 2679 1409 2746 anniuersario
1427 2697 1485 2746 sno
1502 2699 1646 2752 commn-

232 2779 311 2842 niter
332 2775 483 2850 iaciendo,
504 2775 536 2838 in
560 2775 608 2836 die
622 2774 723 2838 obitus
743 2771 802 2848 sui,
815 2771 959 2836 omnibns
978 2771 1097 2836 clericis
1112 2771 1207 2838 trium
1217 2773 1426 2852 ecclesiarum,
1438 2779 1541 2845 volens
1561 2782 1645 2862 quod

233 2871 411 2960 capellanus
425 2871 527 2936 Sancti
541 2871 671 2934 Romani
696 2869 941 2950 procurationem
955 2885 1043 2934 suem
1057 2869 1162 2934 cadom
1177 2867 1225 2934 die
1245 2871 1402 2953 percipiat.
1423 2877 1485 2942 Nos
1509 2893 1643 2960 quoqne,

234 2967 272 3034 ad
292 2985 396 3049 preces
410 2967 548 3048 eiusdem
560 2965 708 3042 musali,
725 2965 784 3030 hoo
805 2971 903 3030 toturn
917 2967 1098 3030 donavimus
1109 2973 1139 3029 et
1154 2965 1416 3048 incorporarimus
1429 2971 1462 3036 in
1474 2971 1647 3040 obedientia

236 3072 339 3130 nostra
351 3065 390 3129 de
402 3065 586 3144 vergnirey‚
607 3067 772 3126 statuentes
786 3069 820 3126 nt
843 3065 1031 3144 quicumque
1047 3063 1139 3128 luerit
1158 3063 1398 3132 obedientiarius
1418 3067 1457 3133 do
1473 3071 1649 3156 Vaugnirup

234 3163 475 3228 anniversarium
498 3160 581 3226 istud
602 3159 693 3224 laniat
710 3160 743 3222 ln
769 3165 951 3240 perpetuum
977 3176 1032 3240 pro
1054 3161 1147 3224 rebus
1174 3161 1358 3242 supradictis
1376 3175 1545 3233 memorate
1572 3171 1649 3236 ohe

235 3260 348 3324 montio
366 3257 578 3338 incorporatis.
599 3259 635 3320 ln
655 3257 748 3336 hujus
770 3263 874 3320 autom
891 3256 934 3320 rei
955 3257 1179 3332 testimonium,
1202 3267 1374 3338 presentem
1392 3271 1507 3330 cartam
1532 3269 1600 3333 flori
1619 3278 1651 3334 et

236 3354 337 3436 sigillo
351 3361 457 3420 nostro
470 3355 596 3420 lecimus
612 3352 763 3418 roborari.
780 3351 890 3416 lictum
903 3367 985 3416 anno
1000 3353 1124 3418 Domini
1140 3357 1183 3420 ll⁰
1197 3355 1258 3418 cet
1275 3357 1417 3424 vicesimo
1431 3365 1530 3442 tertio,
1544 3381 1649 3432 mense

249 3469 332 3516 unio.

233 3472 245 3531 J
554 3524 724 3612 (oriptoat.
735 3561 776 3574 -
787 3523 934 3596 naulica
947 3525 1118 3606 donitas,
1135 3529 1281 3596 Amncire
1293 3532 1381 3616 Lclrp,
1400 3536 1521 3606 colona
1539 3543 1586 3618 19,

635 3623 721 3708 pileo
733 3635 770 3688 πθ
788 3627 854 3706 μ’.)

280 4073 426 4139 Priapes
444 4045 556 4158 Μὰ
572 4069 689 4157 raptus
705 4071 744 4137 de
767 4077 863 4160 lyon,
881 4087 947 4158 pat·
969 4075 1096 4140 illicitos
1117 4075 1154 4141 tle
1168 4083 1308 4163 Foraoy,
1332 4077 1370 4146 de
1389 4087 1459 4148 tout
1480 4103 1513 4150 co
1535 4083 1615 4170 po't‘l

751 4169 916 4254 possiduit
935 4169 1142 4237 amireos.

853 4299 936 4368 Atril
955 4305 1043 4368 inte.

281 4437 443 4512 liebertus,
456 4437 512 4500 liei
521 4437 620 4515 mla
631 4435 740 4516 primte
749 4433 961 4516 Lugdunensis
974 4431 1101 4500 ecclesie
1116 4436 1259 4504 minister
1272 4437 1411 4518 homilis,
1426 4452 1457 4508 et
1470 4453 1568 4514 toturn
1582 4453 1658 4532 ejus

239 4531 312 4596 ilem
321 4531 449 4596 ecclesie
460 4529 642 4612 capitulum,
656 4531 801 4596 omnibus
810 4531 842 4594 in
855 4538 1052 4612 perpetuum.
1069 4533 1216 4598 Notorint
1228 4535 1365 4602 universi
1377 4549 1532 4620 presentes
1547 4550 1661 4626 pariter

238 4635 273 4692 ot
286 4628 382 4692 lntnri
395 4627 479 4708 qnod
502 4627 678 4708 Stephanus
691 4625 730 4702 do
747 4631 865 4707 Farnsy
881 4628 1000 4708 accepit
1016 4627 1057 4692 alr
1070 4625 1200 4693 ecclesia
1214 4631 1412 4712 Lugdunensi
1427 4641 1578 4722 quidquid
1591 4645 1660 4726 ipss

238 4725 337 4788 nabet
348 4721 397 4788 rel
411 4721 491 4788 alins
504 4723 543 4796 alr
558 4739 595 4786 eo
606 4722 689 4803 apua
706 4723 891 4790 Doasiocum
905 4723 988 4788 inira
998 4729 1134 4792 castrum
1145 4723 1191 4790 rel
1211 4729 1304 4794 etiarn
1318 4737 1404 4795 extra
1417 4743 1568 4814 castrum
1584 4756 1660 4823 pro-

239 4821 327 4888 misit
346 4827 512 4902 quoquest
527 4821 701 4900 juramento
723 4822 864 4886 llrmarit·
877 4822 960 4902 qnod
984 4823 1231 4905 manioonnqne
1252 4828 1491 4902 obedientiarius
1505 4837 1544 4904 rie
1567 4841 1661 4906 coin-

240 4917 358 4994 drlooo,
379 4917 420 4980 erl
438 4918 526 4998 cruos
543 4915 753 4982 nomenoium
767 4915 883 4998 dictum
902 4923 1037 4982 castrum
1055 4919 1197 4998 volumus
1210 4925 1372 5002 portinere,
1387 4927 1490 5010 ipsum
1506 4933 1588 4999 bone
1601 4937 1662 5002 illo

241 5015 377 5096 petierit,
388 5015 446 5078 sibi
463 5013 552 5078 uadi.
566 5017 629 5080 Nos
642 5029 724 5092 roro,
735 5013 768 5078 in
783 5014 993 5082 tesimenium
1006 5014 1099 5096 arpos
1114 5016 1169 5094 rei,
1180 5015 1374 5088 demandato
1391 5025 1488 5107 ipsius
1499 5031 1659 5112 Stephani,
