4314 6058
486 813 544 874 bil
875 811 878 818 '
1003 815 1108 875 ornans
1131 817 1387 874 rusmrrcsrrucs.

344 981 355 994 .
484 934 640 1014 portiones
662 909 738 1013 quas
761 933 910 998 ineam
930 935 962 998 in
985 941 1075 1016 mrsu
1094 937 1196 1016 mnes
1216 935 1336 1000 necem
1355 933 1579 1014 comumnes,
1599 947 1656 998 nes
1678 932 1900 998 nichilominus

485 1030 581 1094 teneri
594 1028 736 1094 volumus
745 1047 801 1110 pro
813 1031 902 1096 nobis
916 1038 947 1096 et
959 1033 1187 1098 successoribus
1201 1033 1313 1096 nosirb
1326 1033 1497 1096 mnenfibus
1511 1035 1645 1094 cestrum
1659 1029 1699 1092 de
1712 1030 1847 1092 Riuireia
1860 1027 1900 1092 ad

367 1170 372 1191 r
485 1125 664 1205 homagium
681 1127 854 1190 laciendum
869 1143 924 1208 pro
935 1128 1016 1192 dicto
1030 1134 1122 1208 portu
1133 1127 1260 1192 emissio
1272 1127 1478 1208 augaunensi,
1488 1131 1521 1191 et
1534 1127 1574 1190 ad
1585 1125 1644 1190 boc
1658 1141 1715 1190 nos
1725 1133 1756 1189 et
1774 1141 1899 1190 sacme-

485 1237 568 1287 sores
586 1228 708 1286 nostroe
728 1222 903 1303 specialiter
920 1225 1104 1305 obligamus.
1129 1228 1165 1288 lu
1187 1225 1276 1302 cuins
1295 1225 1341 1288 rei
1360 1223 1567 1288 testimonium
1590 1227 1766 1302 presentem
1783 1229 1899 1286 mrtem

483 1313 578 1394 sigilli
592 1318 689 1380 nestri
702 1319 872 1382 munimine
885 1320 1077 1384 roboramus.
1101 1321 1213 1383 Datum
1225 1321 1298 1382 Vlll
1314 1317 1462 1383 kalendas
1476 1316 1661 1392 novembris,
1676 1331 1759 1380 anno
1773 1318 1898 1384 Domini

481 1411 647 1478 millesimo
658 1413 868 1478 ducentesimo
881 1415 1138 1495 qmnqaegcsimo
1151 1414 1297 1480 secundo.

798 1518 1015 1603 (Oripieol.·-·
1025 1517 1172 1586 necteres
1182 1517 1226 1583 ‹ta
1240 1514 1358 1595 Meae,
1378 1515 1522 1582 resecti-c
1534 1515 1646 1594 sdan,
1662 1514 1787 1583 coccae
1802 1522 1853 1592 μ’,
1927 1569 1929 1572 .

878 1615 963 1700 pidre
977 1629 1014 1681 o⁰
1027 1617 1072 1694 2.)

481 2014 627 2074 sentences
652 2007 808 2076 arbitrale
830 2010 951 2076 roridos
971 2019 1057 2077 entre
1085 2007 1190 2076 tetta
1205 2021 1233 2076 et
1254 2007 1281 2075 le
1300 2017 1431 2076 coornet
1458 2009 1606 2097 d‘dt'aay,
1630 2009 1723 2074 docte
1746 2016 1837 2094 pert,
1864 2017 1894 2074 et

489 2127 490 2130 ¹
517 2105 835 2268 gamanam&
855 2106 893 2173 de
912 2115 1009 2195 Lyco,
1032 2107 1155 2174 d’aatrc
1169 2115 1255 2191 port,
1275 2125 1319 2172 aas
1334 2107 1418 2192 sajet
1438 2106 1476 2173 de
1491 2107 1523 2172 lo
1536 2105 1677 2173 conaelle
1693 2101 1830 2188 etepette
1849 2103 1894 2170 dic

1044 2337 1221 2424 Septembre
1235 2339 1323 2401 lata.

517 2468 579 2530 llos
596 2469 645 2544 Β.,
659 2467 903 2534 obedienciarios
921 2471 1023 2537 Sancti
1036 2470 1128 2546 lusti,
1139 2477 1169 2538 ot
1181 2471 1327 2549 magister
1348 2470 1533 2546 mardos,
1546 2469 1642 2548 iudex
1659 2471 1693 2534 io
1706 2472 1893 2536 camaracu-

479 2561 538 2628 lari
548 2565 743 2644 lugdunensi
758 2583 814 2647 pro
827 2568 952 2632 domino
964 2568 1159 2648 lugdunensi
1178 2566 1284 2644 electo,
1303 2571 1412 2630 notum
1432 2567 1562 2632 tammus
1576 2567 1726 2631 universis
1733 2573 1892 2646 presentes

477 2660 593 2724 litteras
606 2661 790 2742 inspecturis
801 2663 885 2744 quod
899 2681 969 2728 cum
981 2665 1133 2728 discordia
1143 2671 1227 2730 mota
1242 2669 1324 2728 esset
1337 2665 1417 2728 inter
1433 2665 1514 2728 viros
1530 2663 1691 2743 religiosos
1702 2663 1888 2744 inglorium,

480 2757 633 2834 abbatem,
649 2765 680 2824 et
691 2768 873 2826 conuentum
884 2763 1137 2838 athenacenscm,
1151 2779 1189 2826 ex
1199 2779 1261 2826 una
1273 2768 1369 2842 parte,
1384 2768 1415 2826 et
1427 2763 1553 2826 tratrem
1567 2761 1751 2835 iohannem,
1765 2757 1893 2841 capella-

476 2869 554 2916 num
567 2861 598 2917 et
612 2862 821 2936 preceptorem
835 2857 945 2920 domus
960 2859 1062 2938 pontis
1072 2858 1192 2922 Redemi
1207 2857 1429 2938 Lugdunensis,
1445 2864 1476 2922 et
1486 2859 1597 2922 bones
1607 2857 1704 2938 ipsius
1718 2855 1838 2932 domus,
1853 2873 1891 2920 ex

475 2947 581 3027 altera,
598 2967 692 3032 super
706 2953 765 3016 lioo
780 2953 862 3032 quod
876 2953 947 3018 dieti
959 2955 1054 3018 abbas
1074 2960 1106 3018 st
1121 2961 1287 3018 conuentus
1310 2955 1453 3020 dicebant
1466 2953 1550 3034 quod
1560 2951 1775 3018 ecelesiadioti
1787 2951 1890 3034 pontis

475 3047 514 3110 de
524 3061 602 3110 nouo
615 3048 694 3112 lacta
715 3050 861 3129 incapite
880 3050 956 3120 dicti
972 3051 1073 3129 pondo
1093 3057 1159 3114 erat
1176 3052 1219 3114 ibi
1241 3057 1415 3116 constructa
1432 3051 1466 3114 in
1485 3049 1689 3130 prejudicium
1712 3049 1890 3113 monasterii

475 3141 705 3218 Albanaoensis,
721 3161 758 3208 ee
771 3147 889 3210 ratione
902 3143 1040 3210 videlicet
1050 3147 1133 3226 quod
1149 3145 1277 3212 ecclesia
1289 3147 1363 3212 dieti
1378 3147 1479 3228 pontis
1493 3147 1691 3236 solebat-esse
1698 3146 1838 3210 edificata
1848 3161 1889 3208 ex

475 3239 535 3302 alio
545 3238 638 3302 latere
647 3239 720 3304 dieti
730 3242 867 3322 pontias
877 3249 962 3324 perte
975 3242 1140 3324 aquilonia
1152 3243 1274 3308 tandem
1284 3245 1364 3309 dicte
1372 3245 1588 3324 parietinam,
1597 3250 1745 3324 anquam
1756 3243 1889 3306 erffibos

475 3350 528 3398 seu
536 3335 712 3400 amicabiles
725 3339 953 3418 compositores,
968 3353 1063 3418 super
1069 3339 1357 3419 compromiserant,
1367 3339 1579 3420 prestitobino
1589 3339 1841 3418 indsjuramento
1850 3337 1889 3400 de

474 3430 605 3494 tenendo
617 3436 647 3494 ot
659 3431 848 3498 observando
863 3434 1091 3515 imperpetuum
1105 3433 1221 3500 dietum
1232 3439 1374 3500 noenum
1391 3440 1424 3497 et
1436 3433 1606 3499 arbitrium.
1619 3449 1673 3498 seu
1696 3430 1889 3498 amicabilem

474 3529 738 3607 compositionem.
755 3533 816 3594 Nos
830 3547 912 3606 uero,
928 3539 1052 3611 recepto
1065 3532 1099 3596 in
1116 3547 1173 3596 nos
1186 3531 1363 3611 neposmodi
1377 3532 1609 3612 compromisso,
1623 3531 1739 3594 dictum
1756 3535 1788 3594 et
1806 3528 1890 3595 eubi-

474 3626 569 3688 trium
584 3633 722 3690 nostrum
734 3645 787 3692 seu
802 3629 994 3694 amicabilem
1007 3627 1260 3710 compositionem
1275 3627 1314 3692 de
1324 3642 1476 3692 consensu
1495 3627 1647 3692 dicarem
1668 3627 1805 3708 partium
1817 3641 1890 3705 pro-

475 3721 602 3784 ferimus
616 3723 649 3784 in
661 3723 879 3788 buocmodum
897 3742 904 3788 :
918 3725 1001 3804 quod
1015 3723 1095 3788 dicta
1106 3723 1232 3787 ecelesia
1245 3730 1400 3787 remanent
1410 3724 1639 3804 imperpetuum
1652 3723 1685 3786 in
1697 3719 1764 3786 loco
1777 3721 1831 3785 nbi
1841 3726 1889 3784 est

475 3817 577 3893 modo,
589 3823 618 3881 et
631 3817 713 3898 quod
728 3825 888 3899 preceptor
901 3826 932 3882 et
945 3821 1053 3884 iratres
1068 3819 1139 3882 dicti
1152 3818 1252 3898 pontis
1266 3819 1382 3898 possint
1393 3820 1491 3900 ipsam
1502 3817 1662 3883 ecclesiam
1675 3819 1708 3882 in
1721 3817 1888 3898 parielibus

476 3913 605 3994 lapideis
625 3921 656 3978 et
674 3915 783 3994 ligneis
806 3931 824 3976 a
843 3914 948 3992 bundo,
969 3933 1067 3996 usque
1081 3916 1118 3978 ad
1131 3929 1297 3990 summum,
1314 3921 1406 3994 prout
1423 3916 1467 3979 eis
1489 3915 1647 3996 placuerit,
1662 3931 1815 3994 reparare,
1831 3914 1889 3978 hoc

474 4007 559 4073 seluo
570 4011 652 4090 qiiod
666 4017 826 4092 preceptor
839 4011 912 4074 dicti
926 4012 1027 4091 pontis
1046 4011 1182 4075 decetero
1196 4011 1335 4072 ansatur
1353 4009 1427 4072 dare
1439 4015 1469 4072 et
1483 4009 1611 4090 prestari
1627 4009 1730 4074 abbati
1752 4009 1888 4072 Athana-

474 4108 557 4170 censi
577 4107 738 4172 duodecim
761 4107 903 4170 denarios
926 4107 1050 4170 tortium
1070 4119 1219 4169 novorum
1239 4103 1489 4182 Lugdunensium
1515 4121 1585 4168 cum
1608 4105 1731 4168 seruitio
1750 4105 1886 4184 antiquo,

477 4201 563 4281 qnod
573 4203 741 4266 debebatur
761 4217 816 4282 pro
831 4203 898 4266 loco
911 4203 965 4266 ubi
981 4199 1097 4266 solebat
1114 4217 1182 4264 esse
1193 4197 1321 4264 ecclesie
1334 4201 1527 4280 supradicta3
1544 4202 1626 4280 quod
1638 4201 1797 4264 seruitium
1809 4201 1890 4264 anti-

476 4313 572 4378 quum
588 4316 644 4378 pro
657 4299 738 4363 bono
751 4299 835 4378 pacis
849 4299 887 4364 de
898 4299 988 4362 diem
999 4297 1159 4362 duodecim
1166 4297 1302 4360 donanis
1312 4295 1497 4376 precipimus
1507 4303 1537 4361 et
1548 4297 1687 4373 dicimus,
1696 4302 1730 4360 ut
1741 4295 1848 4360 arbitri
1858 4301 1889 4358 et

474 4394 652 4460 amicabiles
665 4395 897 4476 compositores,
913 4394 1114 4475 nomenari.
1129 4391 1266 4456 Dicimus
1280 4392 1372 4456 etiam
1386 4391 1469 4472 quod
1484 4399 1643 4473 preceptor
1655 4399 1687 4456 et
1698 4393 1807 4456 iratres
1817 4393 1888 4456 dieti

475 4491 577 4568 pontis
593 4492 720 4569 possint,
746 4491 992 4570 quandocunque
1010 4487 1171 4563 voluerint,
1188 4487 1295 4552 domos
1312 4493 1343 4551 et
1365 4487 1511 4568 quicquid
1526 4487 1679 4552 voluerint
1697 4489 1839 4554 edilioare
1856 4489 1888 4552 in

474 4583 620 4646 omnibus
631 4584 705 4648 locis
719 4587 781 4648 sire
794 4585 886 4648 rebus
901 4600 978 4663 quas
991 4590 1095 4648 tenent
1106 4584 1143 4648 de
1156 4583 1293 4647 dominio
1306 4581 1378 4647 dicti
1390 4585 1566 4648 monasterii
1578 4585 1798 4648 Athanooensis
1809 4583 1889 4647 circe

475 4677 591 4741 dictum
606 4685 740 4758 pontem,
762 4677 853 4744 salvis
867 4683 969 4742 amen
981 4695 1104 4759 semper
1120 4679 1221 4743 eidem
1236 4679 1432 4756 monasterio,
1446 4679 1548 4745 abbati
1562 4687 1594 4744 et
1613 4680 1774 4744 conventui
1788 4679 1888 4744 domi-

473 4775 527 4840 mo
540 4772 692 4838 dearum
704 4791 809 4840 rerum
824 4781 855 4838 et
871 4775 1002 4839 servitis
1015 4775 1178 4840 consuetis.
1195 4777 1261 4840 llos
1279 4781 1380 4840 autem
1398 4775 1513 4842 dictum
1531 4783 1561 4840 et
1572 4777 1736 4841 arbitrium
1749 4782 1888 4840 nostmm

474 4887 528 4936 seu
537 4870 730 4936 amicabilem
740 4873 992 4952 compositionem
1000 4870 1126 4936 laudarit
1137 4871 1217 4936 dicte
1231 4873 1524 4952 partes,npprobant
1537 4877 1566 4938 et
1580 4877 1753 4952 compesco
1765 4871 1890 4951 mamit-

474 4975 572 5036 tentes
585 4969 643 5034 sub
655 4971 781 5051 prestito
791 4969 966 5050 juramento
986 4967 1087 5050 ipsum
1109 4969 1271 5038 arbitrium
1287 4981 1342 5036 seu
1357 4967 1547 5036 amicabilem
1564 4969 1817 5050 compositionem
1832 4980 1889 5050 pro
