4314 6058
516 873 572 936 lut
1039 879 1145 942 erices
1167 893 1422 942 ausmmctrruao.

513 1005 641 1074 consilio
655 1014 686 1072 et
698 1025 833 1074 consona
847 1009 1000 1076 uoluntate
1012 1013 1109 1076 tocius
1124 1009 1251 1094 capituli
1272 1017 1421 1076 statatum
1434 1011 1502 1085 luit,
1523 1017 1556 1074 ot
1570 1007 1675 1074 nullos
1688 1009 1825 1076 celebret
1838 1007 1887 1076 bis
1901 1011 1931 1076 lo

512 1105 562 1168 die
584 1105 749 1170 missarum
762 1103 862 1170 officia
880 1108 912 1172 in
930 1107 1058 1174 ecclam
1074 1107 1283 1190 lugdunensi.
1306 1109 1354 1182 lit,
1375 1115 1409 1172 ut
1426 1101 1539 1171 melius
1563 1107 1622 1170 hoc
1644 1108 1740 1187 possit
1762 1109 1929 1184 observari,

511 1208 657 1268 statutum
675 1208 721 1266 est
739 1203 772 1268 in
794 1211 976 1286 perpetuum
993 1211 1027 1270 ut
1040 1205 1180 1272 decatero
1204 1212 1266 1270 tres
1279 1203 1418 1269 canonici
1432 1203 1604 1270 sacerdotes
1615 1205 1828 1282 instituantur,
1844 1206 1928 1287 quia

512 1299 651 1379 proxima
671 1297 825 1364 dominica
846 1307 917 1366 ante
936 1302 1042 1368 Natale
1065 1303 1199 1379 Domini,
1216 1317 1314 1382 usque
1327 1301 1366 1364 ad
1392 1301 1579 1364 dominicam
1600 1306 1671 1366 ante
1695 1301 1802 1366 Nalala
1826 1303 1928 1366 Sancti

510 1397 661 1460 lobannis
683 1397 829 1478 Baptista,
846 1401 957 1462 missas
977 1399 1173 1464 matutinales
1194 1399 1350 1467 celebrent
1371 1399 1404 1462 in
1426 1397 1555 1462 ecclesia
1568 1398 1671 1462 Sancti
1686 1399 1846 1480 Stephani,
1866 1405 1929 1462 om

510 1492 624 1558 lestinis
650 1491 758 1556 diebus
781 1509 875 1573 quam
898 1495 1057 1574 protestis:
1083 1511 1138 1576 per
1158 1495 1251 1559 aliam
1271 1497 1345 1560 anni
1365 1495 1561 1559 medietatem
1581 1495 1689 1558 missas
1712 1495 1881 1560 dominicas
1897 1497 1926 1559 ln

509 1591 619 1668 majori
630 1589 758 1654 ecclesie
767 1587 976 1670 celebrabunt,
986 1591 1054 1658 aliis
1063 1593 1217 1658 canonicis
1232 1607 1287 1673 per
1298 1591 1426 1656 eandem
1435 1590 1630 1655 medictatem
1639 1591 1673 1654 in
1684 1591 1812 1656 ecclesia
1826 1595 1927 1656 Sancti

510 1687 657 1768 Stephani
680 1687 904 1752 celebrantibus
925 1689 1034 1754 missas
1057 1687 1263 1754 matutinales.
1289 1687 1453 1754 Sciendum
1475 1693 1579 1754 nmen
1603 1687 1685 1769 quod
1707 1687 1759 1754 isti
1780 1694 1843 1754 tres
1867 1705 1925 1754 uon

509 1789 651 1848 tenentur
662 1783 700 1847 ad
713 1783 860 1847 horarum
873 1783 1060 1850 ebdomadas
1073 1787 1135 1850 sive
1148 1787 1370 1850 revestitomm.
1386 1787 1423 1849 llt
1436 1785 1462 1850 si
1476 1784 1554 1850 torte
1569 1783 1675 1866 plures
1689 1786 1786 1850 missa
1803 1802 1865 1850 una
1878 1786 1926 1851 dle

508 1879 674 1956 evenerint,
691 1879 856 1946 secundam
870 1879 1035 1948 celebrabit
1049 1889 1150 1948 custos
1160 1883 1192 1946 in
1205 1877 1333 1946 ecclesia
1344 1882 1446 1946 Sancti
1456 1881 1620 1962 Stephani:
1633 1881 1667 1944 in
1677 1881 1787 1963 majori
1799 1881 1926 1947 cceleda

509 1978 634 2040 sacrista
646 1977 777 2058 primam
790 1975 968 2042 celebrabit.
986 1979 1091 2043 Sitrae
1105 1979 1271 2052 evenerint,
1288 1975 1414 2042 terciam
1427 1977 1460 2040 in
1474 1981 1605 2058 utraque
1617 1977 1745 2041 ecclesia
1761 1977 1924 2042 celebrabit

509 2077 562 2158 qui
580 2075 716 2158 priorem
731 2075 843 2138 lecerat
858 2077 1069 2154 septimanam.
1091 2078 1127 2137 ln
1142 2091 1196 2138 sex
1211 2073 1401 2154 septimanis,
1417 2071 1530 2154 qulbus
1544 2073 1620 2137 ordo
1634 2073 1737 2138 delicit
1750 2075 1782 2138 in
1799 2063 1924 2139 eccleis

508 2173 612 2236 Sancti
625 2171 786 2252 Stephani,
803 2167 1001 2236 celebrabunt
1018 2171 1127 2235 missas
1138 2165 1333 2234 matutinales
1351 2169 1493 2234 custodes
1506 2171 1617 2234 sancte
1632 2169 1747 2246 Crucis,
1764 2175 1827 2234 nm
1840 2171 1923 2236 lastis

509 2285 604 2352 quam
624 2267 767 2351 protestis
786 2267 953 2342 dicheset
972 2283 1027 2348 per
1044 2267 1168 2331 easdem
1180 2265 1366 2330 ebdomadas
1383 2271 1444 2329 tres
1462 2265 1592 2347 predicti
1611 2267 1645 2330 in
1670 2267 1778 2346 majori
1798 2267 1925 2334 ecclesia

507 2368 617 2432 missas
628 2359 822 2428 matutinales
835 2361 1073 2426 celebrabuntet
1085 2361 1552 2437 sacristamissamduminicam,
1565 2361 1737 2428 bocaddlto
1749 2363 1924 2444 poodonas

507 2463 638 2544 quisque
653 2459 782 2523 istorum
801 2459 831 2521 in
851 2460 918 2540 ipsa
935 2475 989 2520 suo
1005 2459 1195 2524 institutione
1214 2458 1365 2540 percipiat
1385 2459 1436 2520 LX
1451 2456 1565 2524 solidos
1585 2459 1750 2533 annuales;
1771 2467 1802 2522 et
1816 2461 1842 2524 si
1857 2461 1924 2542 quis

506 2573 614 2622 eorum
634 2562 732 2620 morte
746 2553 794 2618 vel
808 2555 869 2618 alio
888 2555 978 2617 modo
993 2560 1153 2634 exemptos
1173 2555 1274 2630 luerit,
1298 2553 1379 2617 etad
1401 2553 1551 2618 delectum
1577 2555 1661 2618 illius
1687 2555 1768 2620 inira
1785 2547 1839 2620 tm
1859 2557 1924 2620 dies

505 2653 674 2734 capitulum
689 2649 785 2714 alium
803 2665 866 2714 non
881 2649 1081 2724 substituerit,
1096 2649 1240 2714 dominus
1256 2647 1505 2729 archiepiscopus
1522 2651 1745 2734 cumconsilio
1767 2651 1876 2718 deceni
1891 2657 1921 2718 et

506 2749 708 2832 precentoris,
729 2745 783 2828 qui
803 2761 859 2828 prb
880 2753 1016 2826 tempore
1036 2745 1159 2820 tuerint,
1184 2745 1233 2808 rel
1256 2745 1400 2826 sineque
1425 2743 1570 2822 demnas,
1591 2761 1690 2826 neque
1712 2755 1871 2828 precentor
1888 2751 1920 2814 in

504 2846 634 2912 ecclesia
647 2843 844 2922 lugdunensi
860 2847 932 2906 tunc
946 2841 1048 2917 luerit,
1063 2852 1134 2904 cum
1148 2839 1276 2904 rorrsilio
1288 2840 1420 2904 duorum
1432 2839 1470 2904 ds
1485 2841 1624 2921 personis
1637 2839 1774 2918 ecclesie,
1789 2859 1868 2924 quos
1882 2845 1920 2908 ad

506 2945 565 3008 hoc
582 2941 742 3017 vocaverit,
759 2939 854 3002 allum
866 2937 964 3003 valeat
974 2937 1152 3017 subrogare.

766 3043 936 3204 (Ortpt'gcl.
948 3077 988 3130 ᾗ-
1002 3042 1147 3109 Arabicas
1169 3039 1212 3106 du
1228 3037 1341 3120 llbdm,
1355 3041 1498 3110 Armoirc
1514 3054 1632 3118 Aaron,
1649 3041 1772 3110 colume
1788 3049 1842 3122 μ’,

845 3137 881 3224 p'
897 3159 929 3204 ce
942 3151 978 3204 tt⁰
994 3143 1037 3220 l.)
1378 3141 1381 3150 '

1191 3437 1242 3494 Μ

757 3591 938 3660 Fccdcts‘en
951 3589 987 3656 de
1001 3587 1242 3656 t'aauteeraetre
1258 3585 1295 3652 de
1309 3593 1435 3656 demon
1448 3591 1485 3657 dc
1500 3589 1669 3657 sacculus.

1170 3743 1258 3804 tuli.

542 3873 726 3950 willelmus,
741 3875 839 3956 prime
854 3875 1065 3954 Lugdunensis
1075 3874 1201 3938 ecelede
1214 3874 1357 3948 decanta,
1369 3881 1400 3938 et
1411 3873 1592 3956 capitulum,
1603 3877 1749 3940 omnibus
1763 3883 1919 3957 presentat

503 3975 618 4038 litteras
640 3973 824 4054 inspectoris
851 3973 990 4035 salutm.
1018 3971 1165 4036 libuerint
1187 3969 1320 4034 universi
1349 3977 1504 4050 presentes
1527 3973 1640 4054 peritur
1663 3979 1695 4036 et
1716 3973 1811 4038 lotari
1836 3972 1917 4052 qaod

501 4069 655 4134 Berardos
668 4069 707 4132 dc
719 4067 818 4134 Plseia
831 4065 977 4147 obligauit
991 4067 1080 4132 nebia
1093 4072 1123 4130 et
1143 4065 1278 4130 anuni
1298 4065 1337 4132 de
1354 4069 1512 4147 Saccnim,
1529 4087 1585 4150 pro
1605 4076 1737 4152 quatuor
1757 4069 1864 4150 viginti
1887 4075 1916 4132 et

501 4167 528 4230 il
541 4165 627 4229 libris
641 4165 775 4238 tortium,
792 4163 939 4244 qurlcquld
952 4165 1085 4228 habebat
1097 4162 1180 4243 apud
1191 4162 1351 4228 Sodaoom
1364 4169 1395 4228 et
1405 4165 1438 4228 lo
1449 4166 1678 4240 mandamento,
1693 4171 1725 4229 et
1741 4164 1820 4228 illud
1832 4153 1919 4229 tene

500 4263 553 4328 bat
566 4265 598 4326 ln
613 4261 737 4326 leudam
755 4263 794 4325 ab
807 4261 936 4325 ecclesia
954 4257 1168 4339 Lugdunensem
1189 4257 1352 4339 dequibus
1369 4257 1469 4324 dictos
1488 4265 1590 4326 Belum
1608 4261 1781 4326 remeavit
1802 4260 1918 4341 pretato
2019 4268 2024 4276 ·

500 4359 634 4423 Berardo
656 4355 742 4421 nrille
763 4356 888 4433 solidos,
911 4371 989 4436 quos
1007 4355 1091 4420 dedit
1111 4353 1241 4420 ecclesie
1258 4359 1361 4420 nosue
1381 4371 1438 4436 pm
1459 4357 1667 4424 anniuersario
1684 4371 1742 4420 suo
1758 4357 1918 4422 mnuatin

499 4453 648 4519 faciendo.
665 4453 836 4518 desideum
845 4463 928 4528 vero,
938 4451 1054 4516 scilieet
1062 4451 1115 4514 xl
1128 4449 1234 4525 libras,
1250 4463 1307 4514 nos
1318 4455 1349 4514 et
1362 4449 1445 4518 idem
1458 4453 1814 4518 Bemucommnniterst
1830 4452 1919 4531 eqeb

500 4551 692 4632 portionibus
700 4547 877 4629 supradicto
891 4547 1027 4612 Berardo
1038 4546 1278 4612 numeravimus.
1291 4545 1431 4611 Prelatrm
1443 4565 1567 4631 quonam
1581 4552 1683 4614 llernu
1696 4547 1782 4614 illem
1798 4547 1916 4628 portiu-

501 4664 571 4712 nem
585 4661 679 4728 qnam
698 4643 814 4727 Aprilis
837 4644 876 4708 cle
895 4641 1050 4708 Leeloules
1075 4641 1207 4706 babebat
1226 4641 1259 4704 ln
1279 4640 1398 4708 decima
1416 4643 1455 4708 de
1475 4641 1611 4720 sociam,
1627 4650 1658 4710 et
1677 4643 1859 4708 eondcmab
1880 4659 1918 4706 eo

500 4745 692 4826 acquisierat,
707 4749 738 4806 et
751 4744 811 4806 llll
827 4741 968 4806 denarios
993 4739 1159 4814 censuales,
1177 4751 1255 4818 quos
1270 4735 1363 4802 habet
1382 4741 1414 4802 in
1433 4747 1515 4804 terra
1530 4739 1699 4806 Raimondl
1722 4737 1764 4804 de
1780 4739 1918 4806 verche-

499 4843 612 4917 roireu,
628 4839 753 4904 donavit
764 4835 1005 4903 embdenostre
1019 4841 1119 4916 preter
1133 4833 1230 4900 detes
1241 4833 1328 4899 mille
1338 4833 1453 4900 solidos
1462 4837 1502 4902 ad
1512 4835 1758 4903 anniversarium
1767 4851 1870 4912 wrm,
1884 4841 1918 4900 ut

499 4939 671 5023 predictum
680 4943 735 5013 est,
746 4935 904 5000 annuatim
918 4932 1106 5004 laciendum
1120 4929 1179 4996 boc
1190 4929 1295 4996 addito
1308 4929 1391 5012 qnod
1403 4933 1589 5014 quicumque
1603 4939 1673 5016 post
1688 4937 1819 4998 mortam
1833 4931 1919 5010 ajars-

500 5041 568 5106 dcm
582 5036 732 5104 mmonls
757 5033 849 5100 luerit
873 5027 1160 5096 obedenuarloeoe
1177 5028 1312 5105 Smilace,
1331 5043 1390 5108 pro
1403 5029 1496 5096 rebus
1515 5042 1610 5111 supra
1630 5028 1719 5096 dictis
1743 5027 1917 5096 obedientie
