4314 6058
805 851 913 916 rricns
935 863 1189 914 rusmnosrnrrs.

336 987 397 1065 ugo
410 987 600 1052 nonnosus
612 983 789 1060 d'inineus,
802 991 956 1065 rogomse
970 987 1120 1058 testatore,
1135 981 1258 1046 interfui
1267 987 1298 1046 ct
1304 980 1483 1062 subscripsi.

336 1087 397 1164 Ego
409 1087 543 1168 symone
552 1085 591 1150 de
603 1089 737 1164 Menneu,
752 1091 876 1166 rogetus
888 1089 1072 1160 soemotore,
1086 1079 1209 1146 intertui
1222 1087 1255 1145 ct
1266 1079 1443 1164 subscripsi.

336 1181 397 1262 Epo
408 1181 561 1259 Uiducns,
577 1187 748 1264 precentor,
761 1185 933 1247 otestntore
945 1187 1079 1260 rogetus,
1096 1179 1261 1243 iuteriuiet
1273 1179 1449 1260 subscripsi.

611 1283 782 1372 (eripient.
797 1321 838 1334 -
849 1281 996 1352 Acesines
1013 1283 1057 1351 du
1070 1281 1185 1359 utne,
1203 1281 1452 1370 rnwtrerpcr,
1469 1277 1591 1348 octono
1611 1285 1662 1359 θ’,

689 1382 982 1467 peccentjotct.)
1698 1387 1705 1405 ‘

613 1819 1384 1911 mmmcnnnrseeteeeoeorym.

909 1971 983 2038 tuin
998 1977 1087 2038 ⁴232.

334 2104 504 2169 toronus
516 2073 1043 2185 mussetritnersps'sossaneu.
1056 2105 1166 2168 nmen.
1179 2105 1242 2168 uos
1255 2099 1418 2176 seuerus,
1430 2101 1706 2182 nenorensem
1774 2117 1776 2122 ·
1894 2163 1898 2170 .

294 2199 503 2282 Lugdunensis
515 2197 642 2264 ecclesie
655 2201 915 2281 archiepiscopus,
931 2200 1094 2268 existentes
1106 2199 1188 2280 opud
1201 2203 1349 2264 mensem
1360 2197 1473 2264 Villam
1484 2198 1705 2278 iustniugdu-

293 2311 367 2362 num
387 2297 455 2360 soni
475 2303 588 2372 mente,
612 2299 682 2362 licet
701 2298 836 2380 quodem
858 2296 951 2362 modo
970 2295 1036 2376 egri
1056 2311 1195 2376 corpore,
1210 2295 1357 2376 quonism
1378 2294 1532 2360 nescimus
1552 2294 1635 2362 mem
1659 2294 1704 2360 rei

294 2393 400 2458 uorem
412 2395 598 2476 sempiterne
610 2393 787 2470 vocationis,
800 2399 1015 2458 testamentum
1033 2399 1184 2468 nostrum,
1198 2393 1261 2456 sive
1274 2393 1415 2456 uttinon
1428 2389 1618 2458 vdoouten
1631 2407 1706 2456 nos-

294 2489 382 2564 truin,
407 2489 452 2552 ito
474 2489 685 2570 disposuimus
705 2490 848 2556 ordinere
871 2495 963 2570 prout
975 2491 1008 2552 in
1026 2489 1224 2569 sequentihus
1236 2489 1405 2570 eppei-enit,
1425 2496 1457 2554 et
1475 2490 1704 2554 uenenorum

294 2584 478 2652 voiuntstem
492 2585 593 2652 velere
604 2585 823 2666 volumnsjuro
833 2587 1016 2663 tesunenti,
1028 2586 1077 2652 rei
1086 2587 1155 2665 jure
1168 2584 1390 2662 codicillorum,
1402 2586 1450 2650 rei
1460 2585 1530 2664 jure
1542 2583 1705 2663 ctriiulihdi

293 2680 1705 2763 olnnerolonteus:1npermisissemuseubmiedennrosioquingenusuorosturronen
1781 2719 1783 2725 ·

293 2781 382 2856 sium
403 2782 448 2844 itu
464 2781 548 2860 quod
568 2780 775 2861 possessiones
791 2779 864 2842 inde
884 2785 1026 2844 ementur
1047 2777 1087 2842 od
1104 2794 1197 2843 nsum
1214 2786 1391 2844 conventus.
1409 2781 1522 2846 Domui
1535 2781 1574 2847 de
1588 2782 1704 2848 comeo

293 2881 455 2942 trescentos
469 2875 564 2940 libres
586 2874 827 2940 mrronensium.
854 2874 966 2938 Domui
985 2877 1059 2938 Coss
1082 2875 1138 2938 Dei
1157 2881 1281 2940 centum
1294 2874 1395 2940 iihrss
1418 2879 1647 2944 tumnensium
1665 2877 1703 2941 sd

291 2973 453 3040 mudum
464 2973 683 3053 possessiones,
694 2971 738 3034 ito
749 2971 832 3050 quod
846 2969 896 3034 die
909 2966 1108 3036 onnitersorii
1122 2972 1218 3038 nostri
1229 2972 1386 3040 reficiatur
1396 2982 1573 3039 conventus.
1589 2977 1706 3039 lustri-

292 3069 350 3136 bus
369 3069 585 3150 predicationis
601 3067 803 3130 Cleromontis
819 3067 1043 3148 quinquaginta
1060 3067 1155 3132 libros
1174 3068 1405 3134 turrouensium
1415 3086 1479 3150 ‘pro
1497 3071 1706 3136 anniverssrio

292 3174 404 3232 nostro.
416 3166 574 3230 Fratribus
585 3164 758 3250 minoribus
770 3161 972 3228 claromontis
982 3163 1237 3245 vigintiquinque
1248 3163 1344 3230 libres
1353 3183 1410 3248 pro
1419 3168 1626 3232 anniversario
1636 3185 1704 3232 nos

293 3269 349 3330 uo.
364 3263 476 3328 Domui
491 3261 677 3328 curtusienei
694 3261 728 3324 in
744 3261 892 3326 Arvmnic
909 3260 1134 3342 quinquaginta
1147 3257 1243 3324 libres
1256 3262 1468 3326 senonensium
1482 3279 1539 3344 pro
1559 3266 1705 3329 onnirer-

292 3361 371 3424 ssrio
383 3365 499 3424 nostro.
519 3359 629 3425 Domui
644 3357 681 3424 de
694 3361 797 3424 ueste
812 3361 937 3422 Petroso
949 3356 1173 3436 qninquaginta
1193 3353 1287 3422 libros
1306 3359 1535 3424 turronensinm
1552 3361 1592 3424 ed
1614 3361 1704 3426 oditi-

291 3457 374 3522 oium
390 3453 527 3521 ecclesie.
546 3455 658 3520 Domui
676 3453 726 3518 dei
744 3453 876 3518 Boeohet
889 3453 1069 3518 Cistercinm
1081 3453 1207 3530 ordinis,
1220 3469 1315 3532 quam
1332 3453 1472 3518 fundavit
1485 3461 1572 3535 poter
1587 3465 1701 3532 nostor,

293 3550 617 3633 qunquagincetiuros
628 3550 866 3626 tumnensium,
878 3549 917 3614 sd
927 3549 1081 3614 editicium
1092 3550 1225 3614 ecclesie.
1238 3549 1416 3614 Ecclesiedo
1427 3553 1584 3616 verteison
1594 3553 1703 3633 viginti

292 3650 427 3730 wicque
438 3648 533 3714 libres
544 3648 774 3712 turronensium
786 3646 825 3712 cd
838 3647 993 3712 editicium
1002 3647 1078 3726 ejus.
1093 3646 1242 3728 Episcopo
1257 3645 1497 3712 claromontensi
1507 3645 1594 3713 milio
1608 3647 1703 3714 iihrss

291 3744 518 3812 usronominm
532 3743 570 3808 de
580 3743 684 3810 deuito
697 3743 780 3824 quod
794 3741 886 3808 debet
896 3742 985 3807 nobis
997 3741 1124 3806 ecclesis
1137 3743 1410 3818 Cisromontensis3
1423 3759 1479 3824 pro
1493 3745 1701 3812 snnirerseuo

290 3843 503 3918 resiscere,
519 3841 605 3908 ducis
619 3839 807 3921 Burgundio,
826 3845 950 3904 centum
964 3836 1059 3903 libros
1081 3841 1318 3904 turronensinm.
1343 3836 1492 3905 Volumus
1510 3841 1603 3906 edum
1619 3843 1702 3922 quod

291 3943 353 4003 tots
361 3935 483 4018 eupolis
496 3943 599 4002 nostro
612 3941 642 4002 et
652 3953 689 4002 es
701 3951 761 4018 qno
774 3937 927 4016 pertinent
940 3935 981 3999 ed
994 3933 1145 4017 oopeiiun
1158 3931 1283 4000 sonno
1297 3935 1554 4001 ctnomontensis
1566 3939 1700 4002 redum

291 4038 351 4109 tm,
367 4031 487 4100 etesiis
500 4041 671 4113 argenteus,
686 4037 811 4113 excepto
822 4032 916 4096 colice
926 4044 1032 4110 nureo,
1045 4033 1217 4112 etexceptis
1228 4031 1414 4098 vestimentis
1425 4031 1579 4099 deserioo.
1595 4035 1701 4100 donu-

291 4127 332 4192 tio
349 4128 542 4194 Cistercienci
553 4128 640 4196 milio
652 4129 748 4195 iibens
757 4129 998 4197 turonensium.
1013 4128 1147 4194 dunum
1157 4128 1245 4192 (liare
1255 4127 1352 4192 volus
1364 4133 1487 4194 centnm
1498 4127 1592 4196 libres
1603 4137 1700 4196 turm
1732 4157 1735 4160 ·

292 4223 449 4298 nensinm3
464 4231 497 4289 et
508 4227 694 4307 precipimus
706 4225 789 4307 quod
800 4224 1061 4298 nmuotueesooe,
1075 4237 1168 4303 quem
1178 4222 1326 4288 hahemus
1338 4224 1370 4286 in
1384 4224 1512 4305 eupolis,
1524 4227 1702 4292 restimctur

292 4320 347 4397 cis,
363 4320 407 4386 ito
423 4321 507 4401 qood
518 4322 633 4388 littores
648 4329 769 4388 nostros
783 4321 856 4388 inde
868 4321 1020 4386 coniectos
1038 4321 1210 4396 restituam,
1227 4325 1259 4384 et
1271 4321 1383 4384 iaciunt
1396 4317 1512 4385 littores
1530 4321 1569 4388 de
1581 4326 1701 4390 restim·

292 4419 379 4484 ciouo
387 4417 447 4482 sini
457 4419 546 4484 ucis.
558 4420 671 4486 Domui
681 4421 843 4498 antsneti
855 4425 1020 4484 trescentss
1029 4415 1124 4483 libros
1136 4417 1375 4483 turrouensiom.
1389 4417 1513 4500 copone
1524 4421 1700 4486 divionensi
1770 4487 1775 4498 ,

291 4514 377 4580 ducis
387 4519 511 4580 cenum
525 4515 621 4583 ueros
635 4515 862 4580 turonensium
879 4528 935 4596 pro
952 4514 1170 4578 anniversario.
1188 4513 1322 4578 Abusus
1339 4511 1559 4582 Fierinisoensi
1578 4525 1700 4584 centurn

291 4611 385 4678 unns
397 4613 637 4690 tumnensium,
652 4613 696 4676 its
707 4612 790 4694 quod
806 4627 862 4692 per
873 4611 1054 4692 episcopum]
1066 4610 1240 4674 iiduensom
1258 4609 1416 4674 scirentur
1429 4613 1462 4676 iu
1477 4609 1589 4679 debitis
1602 4616 1701 4681 eccie-

290 4707 336 4772 ric
354 4705 599 4794 Floriniscensis.
623 4708 758 4774 miecio
780 4705 973 4772 cluniacensi
997 4705 1142 4771 ducentos
1163 4705 1258 4770 libres
1278 4698 1397 4772 turron
1419 4725 1477 4790 pro
1491 4711 1701 4776 conitendo

291 4809 406 4883 muro,
421 4805 465 4868 its
477 4805 561 4886 quod
572 4807 734 4870 conventui
746 4803 924 4870 redduntur.
939 4802 1073 4869 Eccioeio
1086 4802 1282 4884 Lugdunensi
1291 4801 1417 4870 culicem
1430 4822 1559 4872 aureum
1571 4815 1602 4874 ot
1615 4813 1702 4874 ruti-
1798 4814 1802 4824 ’

290 4905 395 4966 ments
406 4899 525 4990 ospoiis
538 4900 609 4967 cibo
624 4919 718 4985 quom
731 4903 860 4967 ieoimus
872 4901 1025 4982 Lugdun,
1038 4907 1071 4965 st
1084 4917 1141 4982 pro
1155 4899 1273 4964 becinis
1284 4902 1447 4980 argenteis,
1463 4919 1524 4985 qus
1535 4905 1700 4972 nummos

291 4996 331 5066 te
342 4997 505 5076 tcrrcism,
517 5013 572 5068 mx
588 4998 1024 5082 mutugennensem
1037 4996 1260 5082 qtunqusgiuts
1278 4995 1373 5064 libres
1385 4997 1516 5164 Ιωηῆιιη
1534 5017 1590 5082 pro
1610 5005 1700 5067 onni-
