4314 6058
832 752 940 814 erucas
962 767 1216 816 susrrrrcarrvns.
1670 762 1729 820 aas

313 879 352 944 ad
366 880 527 945 arbitrium
539 882 736 944 executurum
750 894 889 944 meorum
902 880 949 946 vel
964 881 1089 948 alterius
1104 901 1221 948 eorum.
1238 889 1420 952 Exccutores
1435 889 1526 968 liujus
1539 903 1607 954 mee
1621 890 1729 956 ultirne
1797 951 1799 958 ,

313 979 477 1042 voluntatis
498 976 650 1040 constituo
669 977 853 1056 magistrum
874 976 1030 1058 Milonem,
1049 981 1198 1046 decanum
1211 985 1460 1062 Lugdunensem,
1482 987 1673 1052 Arthaudum
1693 991 1730 1052 de

315 1077 466 1153 L'harnap,
479 1076 642 1154 Hugouem
653 1073 691 1135 da
703 1075 813 1137 Sancto
827 1076 992 1152 Germano,
1006 1079 1168 1142 canonicos
1177 1080 1406 1158 Lugdunenses,
1421 1088 1450 1144 et
1464 1082 1600 1146 donnum
1613 1073 1731 1150 birran-

313 1187 400 1248 num,
411 1169 606 1250 capellanum
619 1169 745 1233 ecclesie
755 1171 967 1249 Lugdunensis
982 1173 1162 1260 predictum,
1175 1175 1250 1238 dans
1265 1177 1308 1238 eis
1322 1183 1470 1240 eteorum
1488 1179 1627 1256 singulis,
1640 1182 1663 1243 si
1675 1180 1729 1246 olii

315 1267 429 1330 nollent
439 1273 493 1330 aut
507 1283 569 1330 nou
579 1272 704 1346 possent
717 1267 851 1346 presenti
862 1269 1034 1348 exequtioni
1052 1271 1208 1346 interesse,
1221 1269 1356 1351 plenam,
1373 1272 1546 1351 generalem
1559 1281 1590 1337 et
1601 1273 1729 1340 liberam

315 1370 496 1442 potestatem
517 1363 698 1444 pacificandi
717 1361 866 1427 clamores
888 1381 984 1438 meos,
1003 1363 1138 1428 solvendi
1161 1365 1263 1428 debita
1277 1383 1355 1442 mea,
1375 1367 1557 1431 elemosinas
1570 1377 1599 1432 et
1620 1369 1727 1450 legata,

314 1459 555 1542 aprehendendi,
571 1457 694 1522 tenendi
712 1464 742 1522 et
756 1459 944 1522 distrahendi
963 1461 1043 1524 bona
1062 1477 1130 1524 mea
1154 1461 1332 1525 auctoritate
1356 1465 1490 1544 propria,
1512 1463 1686 1532 declarandi
1700 1475 1730 1531 et
1811 1545 1816 1553 ι

313 1556 485 1638 exponendi
499 1557 579 1618 hanc
594 1555 827 1636 dispositionem
849 1573 959 1634 meam,
983 1559 1007 1620 si
1029 1558 1103 1637 quid
1120 1557 1248 1622 dubium
1269 1561 1422 1624 contiueat
1437 1561 1481 1624 vel
1503 1564 1677 1640 obscurum,
1700 1573 1727 1628 et

312 1655 417 1718 omnia
431 1653 574 1728 iactandi,
588 1669 649 1734 que
662 1669 729 1732 ego,
755 1653 782 1714 si
801 1669 926 1731 presens
948 1671 1046 1717 essem
1067 1661 1097 1717 et
1117 1656 1148 1718 in
1171 1656 1262 1720 rebus
1280 1657 1425 1720 humanis
1439 1660 1581 1736 existens,
1608 1676 1728 1741 possem

313 1753 412 1815 iacere
425 1748 472 1814 vel
484 1749 646 1822 deberem;
661 1747 791 1827 singulis
803 1765 925 1829 quoque
938 1765 1044 1813 eorum
1059 1768 1115 1832 pro
1129 1751 1233 1816 labore
1254 1769 1310 1816 suo
1329 1756 1385 1818 VII
1399 1753 1493 1818 libras
1517 1758 1728 1822 viennensium

314 1846 367 1920 do,
391 1845 471 1925 lego.
486 1849 657 1920 Monetam,
682 1861 776 1924 quarn
797 1845 940 1924 superius
959 1861 1021 1908 non
1044 1847 1189 1924 expressi,
1213 1847 1350 1926 intelligo
1369 1849 1573 1914 viennensem.
1595 1856 1657 1916 Hec
1682 1863 1728 1918 est

312 1943 422 2006 ultima
433 1943 574 2006 voluntas
586 1957 673 2016 mea;
697 1943 777 2005 banc
799 1941 894 2020 igitur
908 1940 1004 2003 solam
1019 1947 1051 2006 ct
1071 1942 1193 2004 unicam
1211 1939 1281 2004 volo
1303 1942 1405 2006 valere
1423 1945 1492 2021 jure
1507 1951 1675 2012 testamenti
1696 1952 1728 2014 in

312 2039 452 2120 scriptis3
475 2045 506 2103 et
526 2040 552 2102 si
573 2055 636 2102 nou
659 2035 825 2117 valetjure
846 2038 1017 2100 testamenti
1039 2037 1071 2100 in
1092 2039 1223 2116 seriptis,
1241 2039 1308 2102 volo
1332 2041 1414 2118 quod
1434 2041 1529 2106 valeat
1545 2045 1615 2123 jure
1635 2053 1729 2111 testa-

312 2137 408 2200 menti
435 2135 650 2215 nuncupativi,
675 2132 721 2197 vel
747 2131 959 2197 codicillorum
987 2131 1033 2196 vel
1062 2134 1225 2211 cujustibet
1246 2133 1371 2200 alterius
1404 2135 1512 2206 ultime
1543 2143 1725 2217 vetuntatts;

312 2237 344 2294 at
363 2232 389 2294 si
410 2247 471 2295 non
498 2231 576 2296 valet
601 2231 770 2294 secuudum
793 2228 892 2309 leges,
918 2231 988 2292 vole
1011 2229 1091 2308 qnod
1115 2229 1213 2291 valeat
1230 2232 1398 2294 secundum
1416 2227 1579 2298 canonicas
1602 2239 1729 2302 sanctie
1841 2291 1844 2298 .

312 2342 384 2401 ues;
407 2335 439 2390 et
452 2329 477 2390 si
491 2328 585 2391 aliam
605 2327 837 2408 dispositionem
855 2327 893 2389 de
912 2326 1002 2390 rebus
1021 2327 1097 2402 meis
1111 2342 1248 2404 unquam
1264 2328 1331 2402 ieci,
1348 2329 1444 2407 ipsam
1460 2346 1546 2394 casso
1561 2339 1590 2396 et
1609 2349 1745 2422 revoco,⁴

311 2430 342 2486 et
367 2423 447 2486 hanc
470 2421 568 2486 solam
590 2424 693 2486 valere
711 2419 792 2486 volo.
814 2424 926 2485 Contra
947 2421 1079 2500 quamsi
1101 2423 1169 2500 quis
1197 2423 1324 2498 venerit,
1358 2426 1506 2504 quicquid
1531 2429 1558 2490 ei
1573 2427 1685 2508 reliqui
1699 2432 1726 2492 ei

311 2521 445 2600 adbymo
463 2527 493 2583 et
506 2522 539 2584 iu
558 2521 625 2600 pios
640 2538 715 2584 usus
729 2521 864 2600 precipio
879 2521 1021 2608 erogari.
1044 2521 1130 2597 Rogo
1145 2521 1241 2581 eciem
1261 2525 1353 2582 testes
1371 2529 1528 2600 presentes
1543 2526 1626 2603 quod
1645 2525 1726 2605 sigil-
1847 2538 1848 2542 ’

311 2617 375 2680 lent
394 2623 425 2680 et
442 2617 657 2697 subscripbant
670 2623 700 2680 et
720 2617 852 2696 signent.
877 2619 1019 2680 Summas
1038 2615 1176 2695 pecunie,
1193 2631 1269 2694 quas
1283 2631 1377 2696 supra
1389 2617 1486 2696 legavi
1506 2635 1563 2698 pro
1581 2624 1727 2686 anniver-

311 2715 401 2778 sariis
419 2715 676 2794 quibuscumque,
696 2713 766 2777 volo
778 2713 930 2776 custoderi
952 2729 1007 2792 per
1024 2718 1200 2776 executores
1217 2728 1300 2775 moos
1321 2731 1481 2794 quousque
1501 2717 1571 2780 inda
1584 2726 1725 2782 emantur

311 2812 657 2892 ipsaconquercmenta.

351 2907 414 2984 Ego
428 2907 517 2968 Falco
532 2905 570 2969 de
585 2905 696 2986 liuppe
712 2905 805 2980 Forti,
823 2905 1010 2969 camerarius
1024 2903 1244 2983 Lugdunensis,
1260 2909 1392 2980 testator,
1409 2907 1551 2986 sigillavi,
1572 2911 1724 2975 subscribi

308 3004 409 3066 leciet
423 3004 553 3081 signavi.

304 3109 306 3112 ·
350 3100 413 3178 Ego
430 3101 604 3180 Stephanus
617 3099 656 3162 de
669 3099 828 3175 candiaco,
847 3097 1012 3162 canonicus
1027 3097 1251 3174 Lugdunensis,
1265 3105 1419 3176 rogatnsa
1434 3106 1584 3178 testatore,
1600 3123 1723 3184 presens

308 3195 443 3268 intertui,
460 3193 593 3274 sigillavi
607 3199 638 3257 et
649 3194 798 3258 subscribi
811 3197 865 3258 teci
878 3201 907 3257 ct
920 3209 1012 3256 manu
1028 3191 1154 3272 propria
1164 3193 1290 3272 signavi.

351 3293 414 3370 Ego
427 3289 610 3354 Guillelmus
622 3289 659 3352 de
672 3291 830 3364 Rodenna,
845 3291 1010 3373 canonicus
1025 3287 1248 3366 Lugdunensis,
1262 3297 1385 3366 rogatos
1400 3309 1417 3353 a
1432 3297 1584 3368 testatore,
1597 3314 1723 3376 presens

308 3388 445 3463 interlui,
456 3385 588 3466 sigillavi
599 3388 752 3452 subscribi
764 3388 822 3451 ieci
833 3393 863 3450 et
872 3381 967 3450 m'anu
981 3383 1105 3464 propria
1115 3383 1242 3461 signavi.
1451 3462 1460 3478 .

348 3485 413 3562 ugo
433 3487 524 3563 Hugo
538 3484 577 3548 de
591 3487 702 3551 Sancto
720 3485 885 3558 Germane,
904 3482 1068 3546 canonicus
1081 3479 1304 3557 Lugdunensis,
1321 3489 1445 3559 rogatus
1456 3501 1474 3546 a
1487 3489 1639 3561 testatore,
1651 3505 1723 3568 pre-

307 3593 377 3640 ssus
391 3578 527 3654 intertui,
545 3579 646 3658 sigillo
656 3595 725 3642 meo
736 3577 878 3658 sigillavi,
892 3577 1044 3642 subscribi
1054 3577 1109 3638 teci
1121 3584 1150 3638 et
1164 3577 1291 3654 signavi.

349 3677 553 3755 ligodonnus
578 3677 735 3740 Jolrannes
758 3675 797 3738 de
819 3675 978 3750 blitiriaco,
1001 3671 1179 3753 capellanus
1199 3673 1323 3750 majoris
1344 3676 1471 3741 ecclesie
1498 3681 1719 3760 Lugdunensis,

307 3780 465 3852 rogatusa
485 3779 637 3847 testatore,
654 3788 785 3852 presens
799 3771 934 3846 intertui,
948 3770 1098 3846 subscribi
1118 3771 1185 3846 teci,
1208 3770 1310 3848 sigillo
1325 3789 1393 3834 meo
1408 3775 1539 3854 sigillavi
1552 3785 1582 3840 et
1597 3782 1721 3859 proprio

307 3885 402 3932 mauu
416 3871 544 3948 signavi.
1187 3895 1191 3904 ·

349 3966 412 4043 lige
425 3965 546 4027 donnus
559 3965 736 4038 Duranuus,
750 3961 927 4044 capellanus
939 3961 1067 4040 majoris
1079 3960 1204 4024 ecclesie
1218 3962 1442 4041 Lugdunensis,
1461 3975 1583 4044 rogatus
1597 3987 1615 4030 a
1627 3977 1722 4034 testa-

308 4069 383 4135 tore,
393 4059 662 4144 presensinteriui,
672 4059 823 4124 subscribi
837 4059 905 4134 leci,
918 4057 1020 4138 sigillo
1032 4057 1125 4122 donni
1137 4057 1287 4120 lobannis
1299 4059 1336 4122 de
1351 4059 1505 4125 ltileriaco
1520 4063 1648 4142 sigillari
1664 4069 1719 4130 teci

260 4180 269 4194 ·
307 4164 338 4220 at
352 4159 582 4236 propriamauu
595 4155 722 4234 signavi.
767 4199 770 4208 .
815 4205 818 4212 .
922 4188 924 4194 ·

347 4257 411 4334 ligo
425 4254 546 4318 donnus
563 4250 715 4327 Galterus,
731 4250 1028 4332 capellanussancte
1046 4249 1140 4324 Fidis,
1153 4255 1279 4328 rogatus
1291 4266 1310 4312 a
1324 4257 1474 4330 testatore,
1490 4271 1617 4336 presens
1630 4259 1721 4324 inter-

276 4362 281 4370 ·
302 4351 363 4424 bri,
375 4349 527 4414 subscribi
541 4347 609 4420 leci,
622 4344 724 4425 sigillo
737 4361 807 4410 meo
823 4347 953 4426 sig'llavi
965 4352 995 4410 et
1008 4345 1132 4425 propria
1143 4361 1238 4408 manu
1250 4346 1377 4424 signavi.

346 4448 411 4526 ligo
421 4445 566 4524 magister
579 4441 763 4506 Guillelmus
777 4443 816 4506 de
831 4444 929 4522 Curis,
948 4441 1088 4516 clericus,
1102 4443 1257 4522 regatusa
1271 4451 1423 4524 testatore,
1440 4465 1566 4528 presens
1585 4452 1719 4528 intertui,

305 4542 409 4622 sigillo
419 4557 491 4605 mac
501 4539 629 4618 signavi,
646 4537 797 4602 subscribi
809 4537 866 4602 ieci
877 4544 1010 4602 etmanu
1024 4539 1148 4618 propria
1158 4537 1286 4617 signavi.

322 4643 325 4648 '
346 4639 409 4717 ugo
421 4637 565 4714 magister
575 4631 758 4704 Guillelmus
772 4633 809 4696 de
825 4633 1011 4711 Chamauos,
1022 4634 1161 4708 clericus,
1170 4642 1321 4714 rogatusa
1335 4643 1486 4718 testatore,
1497 4659 1623 4722 presens
1632 4644 1721 4708 inter·
1843 4645 1848 4654 '

306 4733 362 4808 tui,
378 4731 528 4798 subscribi
542 4723 611 4804 leci,
628 4727 731 4806 sigillo
746 4745 815 4792 mec
829 4730 962 4808 sigillavi
971 4737 1002 4793 et
1015 4730 1143 4808 signavi.
1162 4807 1165 4814 γ
1450 4794 1452 4803 Α
1761 4789 1766 4798 .

344 4829 574 4910 ligolohanues
588 4825 626 4888 de
639 4823 800 4902 Miliriaco,
821 4825 960 4902 clericus,
980 4831 1104 4905 rogatus
1123 4841 1141 4886 a
1155 4830 1306 4902 testatore,
1321 4845 1449 4909 presens
1467 4835 1603 4910 intertui,
1619 4830 1719 4913 sigillo

303 4943 373 4996 oreo
388 4923 530 5006 sigillavi,
543 4921 693 4988 subscribi
708 4921 766 4986 teci
779 4925 810 4986 et
823 4937 917 4989 manu
932 4923 1056 5006 propria
1070 4920 1197 4998 signavi.
1473 4951 1476 4958 ·

1459 5027 1497 5088 3ll
