4314 6058
785 867 892 931 orions
912 881 1164 930 tusrrsrcsrrvss.

312 1007 376 1086 ligo
390 1007 452 1081 W„
467 999 663 1074 camerarios,
684 1003 839 1078 rogutoss
853 1003 1006 1071 resutoro,
1022 995 1147 1060 iutertoi
1166 999 1195 1058 ot
1206 994 1383 1074 subscripsi.

312 1105 377 1182 ogo
390 1103 453 1178 W.‚
467 1098 613 1178 magister
626 1094 724 1170 chori,
737 1099 863 1174 rogatos
877 1109 896 1156 e
909 1098 1060 1168 testatore,
1077 1092 1201 1155 interlui
1215 1097 1245 1155 et
1256 1090 1434 1170 subscripsi.

313 1201 378 1278 Ego
389 1199 438 1262 W.
457 1190 658 1274 carpinellus,
674 1195 798 1269 rogetus
810 1207 828 1252 a
842 1195 994 1264 testatore,
1010 1189 1133 1252 interlui
1146 1195 1177 1252 et
1188 1189 1365 1267 subscripsi.

314 1297 378 1375 ligo
392 1293 531 1365 Eldlnos,
548 1285 735 1368 capellanus,
751 1292 878 1364 rogetus
890 1303 910 1348 o
921 1291 1074 1360 testatore,
1089 1283 1213 1348 interlui
1227 1289 1257 1347 et
1268 1283 1445 1362 subscripsi.

315 1389 553 1470 ligotlmbertos
566 1384 764 1464 dllgninenz,
778 1387 901 1462 rogetus
912 1400 930 1444 o
943 1387 1094 1458 testatore,
1111 1381 1235 1444 intertui
1244 1387 1274 1444 et
1286 1380 1463 1460 subscripsi.

316 1490 378 1567 Ego
394 1491 429 1550 P.
444 1483 622 1562 d'lngireo,
636 1485 760 1558 rogatos
771 1479 896 1542 intertui
910 1486 940 1544 et
950 1478 1128 1559 subscripsi.

317 1585 379 1660 Ego
391 1579 539 1654 Andreas,
554 1576 741 1658 copellenos,
758 1581 883 1654 rogatos
898 1576 1022 1640 interlui
1034 1581 1064 1638 et
1076 1575 1253 1655 subscripsi.

592 1675 762 1764 (eriperet.
773 1713 814 1726 -
826 1678 972 1746 Arcbiccs
989 1677 1033 1744 do
1052 1677 1169 1754 otuu,
1187 1679 1330 1746 ‚trmoire
1345 1687 1439 1762 spor,
1458 1675 1578 1744 solome
1593 1685 1644 1754 μ’,

651 1775 737 1860 pileo
749 1787 786 1840 o⁰
802 1777 865 1856 te.)

924 2077 974 2134 ss
997 2067 1056 2138 bis.

277 2261 491 2343 engagement
509 2275 575 2344 por
592 2256 716 2324 Artcud
736 2257 773 2323 de
792 2255 975 2324 llorerer'lloo
996 2258 1016 2322 d
1038 2256 1215 2326 Guillaumc
1236 2259 1273 2324 de
1287 2266 1331 2326 Lu
1346 2258 1460 2338 Pulrcd,
1477 2259 1632 2329 cleobolus
1654 2263 1689 2328 dc

323 2355 558 2423 Sclutlitc'ereuc
572 2362 601 2420 et
610 2355 722 2440 prebet
733 2355 769 2422 de
782 2356 979 2432 Foeroe'dres,
995 2355 1031 2421 de
1045 2353 1078 2422 lc
1092 2353 1219 2420 miluus
1228 2355 1335 2438 portic
1346 2356 1389 2420 du
1399 2368 1476 2442 port
1491 2357 1528 2422 dc
1543 2368 1638 2442 Lpon.

898 2515 971 2578 Joio
986 2515 1076 2579 tneo.

322 2673 479 2737 Universis
489 2681 648 2755 presentes
661 2671 776 2738 litteras
788 2671 969 2754 inspectoris
983 2671 1138 2736 Ariandos
1149 2670 1187 2736 de
1196 2669 1357 2736 Russellon
1369 2671 1499 2737 salntem
1509 2680 1539 2740 et
1548 2676 1694 2742 noticiam

282 2771 327 2834 rei
340 2777 434 2850 geste.
448 2771 594 2834 Noverint
605 2771 740 2834 universi
755 2773 909 2848 presentes
922 2775 952 2832 et
962 2768 1075 2848 posteri
1085 2767 1233 2850 qoodego
1243 2765 1397 2832 Willelmo
1411 2771 1449 2832 de
1463 2769 1588 2846 Pelode,
1604 2787 1696 2836 ceno-

285 2867 352 2930 nico
366 2868 468 2930 Seucti
486 2869 633 2948 Stephani
652 2868 863 2946 Lugdunensis
877 2873 908 2930 et
930 2866 1086 2946 preposito
1107 2867 1138 2930 S.
1154 2865 1271 2929 rhome
1292 2865 1331 2930 de
1349 2867 1532 2944 Forovcteri,
1545 2869 1643 2932 sciens
1665 2875 1696 2932 et

284 2961 428 3042 mutiens,
454 2963 575 3044 pignori
596 2963 727 3044 obligevi
743 2979 799 3042 pro
819 2967 944 3026 centum
963 2961 1050 3026 libris
1072 2961 1283 3026 viennensium
1305 2967 1422 3026 sextam
1447 2969 1565 3044 portem
1588 2969 1695 3045 portos

286 3060 496 3140 Lugdunensis
514 3059 700 3140 jampridem
713 3056 902 3136 obligostum
918 3058 983 3136 jorn
1006 3056 1086 3122 dicto
1108 3047 1264 3120 Willeloro
1278 3056 1318 3122 ab
1341 3057 1489 3136 Artoodo,
1513 3067 1599 3140 petre
1614 3077 1694 3137 meo,

288 3173 343 3237 pro
358 3157 458 3221 trlbos
472 3154 599 3220 nibbos
621 3153 726 3218 solidis
740 3153 832 3228 vien,
851 3169 928 3232 ques
944 3150 1150 3231 obligsciooes
1164 3152 1257 3216 lectos
1271 3153 1310 3217 ob
1321 3152 1457 3218 Armudo
1475 3161 1563 3234 petre
1575 3171 1644 3222 meo
1658 3157 1698 3219 de
1766 3167 1778 3184 ·

288 3253 386 3317 tribus
402 3249 528 3318 milibus
549 3252 656 3316 solidis
678 3253 758 3316 vien.
774 3257 805 3314 et
822 3267 841 3314 e
856 3267 905 3314 me
925 3250 963 3312 de
984 3255 1107 3314 centum
1126 3249 1213 3312 libris
1231 3247 1330 3314 dictos
1348 3251 1395 3314 W.
1412 3252 1483 3314 tecit
1495 3255 1701 3336 etrecepitdc

289 3351 431 3414 mundato
442 3357 471 3416 et
481 3347 637 3414 uoluntate
650 3347 775 3429 cupitoli
792 3348 894 3411 Sancti
908 3346 1054 3426 Stepbeni
1068 3344 1280 3423 Lugdunensis
1294 3335 1325 3408 et
1338 3347 1402 3411 vice
1413 3349 1440 3426 ej
1445 3366 1480 3411 os
1493 3366 1513 3412 o
1524 3366 1587 3430 qoo
1600 3367 1657 3432 ego
1671 3359 1701 3416 et

289 3446 451 3520 Arteodos,
466 3453 552 3526 peter
562 3461 662 3519 meos,
674 3443 841 3525 predictam
854 3443 894 3508 Vl
907 3447 1025 3521 partem
1038 3445 1143 3519 portus
1156 3439 1188 3502 io
1200 3439 1325 3504 teodoro
1339 3443 1533 3519 tenebamus;
1550 3447 1701 3526 predictus

290 3549 392 3608 sotem
411 3542 614 3622 obligationes
628 3540 729 3618 juravi
753 3555 811 3618 ego
833 3537 986 3602 Armodos
1007 3552 1100 3616 super
1118 3541 1308 3600 socrosmcte
1322 3538 1377 3601 Dei
1399 3539 1556 3620 evangelie
1579 3558 1701 3608 serrare

291 3639 670 3712 inuiolobibterettenere,
682 3635 760 3700 etde
773 3641 874 3699 cetero
888 3639 994 3698 contre
1006 3633 1040 3696 iu
1050 3631 1166 3712 judicio
1175 3633 1221 3697 rel
1231 3639 1327 3709 cntra,
1344 3649 1458 3714 peroro
1468 3635 1515 3702 vel
1525 3653 1582 3718 per
1593 3638 1700 3718 eliorn,

292 3736 484 3809 nonvcnire;
501 3735 656 3798 confessos
666 3748 735 3795 som
746 3731 843 3794 eciorn
854 3745 904 3793 me
915 3736 944 3792 et
957 3729 1006 3804 L,
1024 3735 1141 3808 petrem
1153 3743 1267 3806 meum,
1281 3731 1447 3810 predictam
1462 3736 1634 3815 pecuniam,
1650 3740 1705 3803 sci·

293 3829 364 3898 licet
381 3835 448 3898 vm
462 3831 575 3896 solidos
592 3830 670 3892 vieo.
683 3845 702 3890 a
716 3828 796 3890 dicto
814 3827 862 3888 W.
878 3825 943 3888 uice
957 3822 1083 3904 capitoli
1098 3825 1200 3890 Sancti
1220 3827 1367 3906 Stepbeni
1386 3829 1600 3908 Lugdunensis
1620 3849 1705 3898 rece-

295 3929 376 4011 pisse
390 3936 420 3994 et
436 3927 525 3992 nobis
545 3931 737 3990 numeratum
751 3939 827 3988 esse.
847 3923 1044 3986 [renuncians
1061 3939 1101 3986 en
1119 3927 1201 3986 ceca
1215 3925 1345 3988 sciencia
1359 3941 1416 4004 pro
1430 3941 1480 3989 me
1500 3933 1531 3990 et
1546 3929 1705 4008 jamdicto

296 4031 380 4107 patre
399 4039 467 4088 meo
489 4021 738 4103 exceptionilnoo
762 4024 920 4082 numerate
941 4018 1068 4097 pecunie
1088 4023 1119 4080 et
1137 4033 1198 4080 oon
1222 4017 1341 4094 trudito,
1359 4019 1432 4096 doli,
1455 4027 1486 4084 et
1504 4024 1535 4086 io
1551 4024 1664 4090 lecbrm
1677 4035 1707 4092 ct

296 4120 424 4186 minoris
435 4121 523 4184 etatis
535 4117 696 4192 beneficio,
710 4121 740 4180 et
752 4115 836 4178 omni
850 4113 903 4176 alii
917 4111 1035 4176 auxilio
1046 4111 1126 4191 juris
1143 4118 1206 4174 mm
1221 4114 1359 4176 cononici
1380 4131 1472 4193 quarn
1493 4117 1590 4182 civilis
1611 4123 1706 4189 michi

297 4215 482 4298 competenti
493 4213 539 4280 rel
553 4213 767 4294 competitore,
781 4207 973 4291 promulgato
984 4207 1032 4272 vel
1044 4207 1276 4287 promulgando.
1291 4211 1327 4271 in
1338 4209 1426 4287 cuius
1438 4211 1482 4274 roi
1497 4214 1709 4282 testimoninm

299 4329 354 4394 ego
365 4311 519 4378 muudus
530 4307 666 4390 sigillum
681 4323 786 4372 meum
806 4307 945 4388 opposui,
973 4310 1003 4368 ct
1020 4303 1189 4384 capitutum
1209 4305 1312 4368 Sanco
1330 4307 1479 4386 Stepbuni
1499 4309 1711 4390 Lugdunensis

301 4410 416 4474 babens
429 4407 601 4472 dominium
614 4409 647 4468 et
664 4403 818 4466 senorium
830 4403 863 4464 io
881 4400 1015 4466 dictavi
1032 4405 1117 4480 perte
1128 4407 1246 4480 portos,
1259 4401 1298 4464 od
1314 4417 1416 4480 preces
1431 4420 1516 4468 meos
1530 4413 1562 4470 et
1578 4410 1624 4472 W.
1639 4425 1714 4491 prs-·

301 4505 382 4582 dicti,
402 4499 539 4582 sigillum
557 4514 648 4564 soum
668 4498 821 4580 opposuit.
843 4498 953 4562 bourn
968 4513 1050 4562 enno
1069 4497 1192 4562 Domini
1213 4499 1257 4562 11ο
1280 4501 1340 4562 CG⁰
1358 4500 1510 4566 tricesimo
1532 4507 1595 4584 l'l0,
1609 4521 1715 4572 mense

297 4620 389 4683 poorr.

535 4669 705 4758 (original.
726 4705 763 4838 {-
788 4665 934 4739 trebiros
957 4671 1000 4736 du
1025 4665 1143 4748 obbo,
1172 4675 1314 4740 truucu'rc
1334 4674 1449 4752 idum,
1475 4676 1593 4746 colorus
1617 4687 1668 4758 lo,

624 4781 660 4832 rc⁰
677 4771 727 4830 let.
