4314 6058
519 877 575 940 tbi
830 887 995 939 enrnuunn
1015 887 1055 946 nn
1076 869 1210 936 n'innrse
1231 885 1271 933 na
1290 863 1612 933 non-secerne.

558 2447 695 2513 Kauana.
713 2448 900 2516 Ducentiens.
921 2483 1001 2499 --
1016 2451 1165 2516 obierunt
1184 2455 1313 2516 Senator
1332 2459 1362 2516 et
1381 2451 1550 2527 biberibus,
1571 2451 1705 2523 diaconi;
1720 2483 1761 2496 -
1778 2459 1808 2514 et
1829 2449 1925 2526 endo,

516 2547 674 2624 presbiter.
694 2582 734 2594 —
753 2551 790 2611 lit
812 2551 1053 2616 anniversarium
1069 2551 1216 2626 mneudi,
1233 2552 1393 2615 camerarii
1409 2549 1460 2632 (tl,
1479 2551 1562 2630 qued
1578 2556 1622 2614 est
1641 2551 1871 2630 incorporatum
1895 2551 1926 2612 in

514 2642 691 2707 obediencia
704 2645 742 2709 de
753 2647 901 2710 Lentilleu
917 2647 968 2730 (7)
979 2653 1056 2722 -et
1069 2651 1176 2712 Petinae
1190 2649 1228 2713 de
1240 2651 1316 2713 Caro
1331 2652 1420 2724 Lucu,
1433 2647 1599 2711 canonicus
1611 2653 1642 2710 et
1652 2645 1804 2710 sacerdos.
1815 2647 1832 2728 5
1844 2649 1928 2708 -lit

515 2737 661 2803 dominus
681 2741 811 2804 Peneius
830 2742 917 2808 Mitte
931 2741 982 2824 (3),
998 2741 1153 2823 quondam
1167 2750 1336 2823 precentor,
1361 2745 1415 2824 qui
1432 2743 1595 2824 acquisivit
1613 2741 1763 2806 decimam
1782 2742 1821 2806 de
1841 2745 1928 2804 Ren-

514 2833 596 2898 talun
612 2835 663 2916 (l),
677 2853 770 2916 super
781 2837 947 2918 queveluit
960 2839 1027 2902 lleri
1036 2839 1278 2904 anniversarium
1293 2857 1382 2904 suum
1397 2841 1430 2904 in
1445 2855 1517 2904 corn
1529 2840 1561 2903 in
1578 2838 1705 2903 ecclesia
1717 2837 1924 2918 Lugdunensi

515 2933 604 2994 annis
619 2931 758 3012 singulis.
777 2935 937 3000 canumcis
957 2941 986 2998 et
999 2935 1213 3016 incorporatis,
1227 2935 1258 2998 in
1275 2935 1433 2998 matutinis
1453 2939 1656 3010 mertuorum,
1673 2935 1715 2997 Vl
1729 2933 1883 3010 denarius,
1898 2943 1927 2997 et

516 3027 642 3089 totidem
665 3027 697 3089 in
717 3029 935 3104 anniversario,
957 3029 1106 3094 etdebeut
1130 3029 1285 3111 percipere
1305 3027 1471 3094 officiantes
1490 3031 1521 3094 iu
1551 3030 1630 3094 dicte
1656 3027 1874 3106 anniversarie,
1894 3036 1926 3094 ut

516 3123 610 3184 muris
621 3127 677 3198 est,
694 3129 725 3186 ct
738 3124 796 3187 buc
809 3125 866 3187 sub
878 3140 957 3205 pena
969 3127 1167 3206 Gregoriane.

555 3263 605 3310 un
633 3249 750 3314 Nonas.
772 3281 852 3296 --
873 3248 1023 3314 Obierunt
1043 3251 1153 3330 erigo,
1173 3251 1337 3316 canonicus
1356 3249 1436 3316 bona
1455 3251 1613 3328 memorie,
1640 3251 1694 3332 qui
1712 3249 1796 3314 dedit
1818 3251 1926 3313 Sancte

517 3341 870 3424 Stephanutreslibrus;
884 3353 969 3410 —et
989 3348 1081 3421 Bere,
1095 3363 1242 3412 monacus
1259 3353 1289 3411 et
1309 3347 1449 3412 saeerdm
1465 3348 1602 3412 cartusie
1613 3363 1622 3424 ;
1635 3379 1675 3394 --
1695 3352 1726 3410 et
1749 3347 1923 3420 buranuus,

516 3437 622 3516 iaicas,
638 3442 691 3522 qui
702 3437 786 3506 dedit
798 3441 838 3506 ad
853 3459 931 3524 opus
944 3443 1068 3522 majoris
1080 3443 1206 3507 ecclesie
1217 3441 1378 3506 duodecim
1389 3443 1540 3508 denarios.
1556 3444 1623 3524 §—
1636 3443 1675 3506 Et
1686 3439 1870 3506 venerabilis
1882 3443 1926 3508 vir

515 3537 656 3602 deminus
671 3537 868 3602 Guicberdus
886 3537 1009 3602 Dallant
1023 3537 1075 3620 (5),
1091 3539 1256 3628 canenicus
1270 3537 1492 3618 Lugdunensis,
1515 3539 1568 3619 qui
1582 3539 1694 3618 legavit
1708 3535 1835 3602 ecclesie
1846 3541 1927 3618 Lug-

515 3635 644 3719 dunensi
658 3641 781 3698 centum
796 3634 929 3698 lloreuus
943 3635 1011 3698 auri
1025 3651 1081 3714 pru
1095 3635 1302 3698 anniversario
1317 3650 1372 3698 sue
1387 3635 1419 3698 in
1432 3633 1561 3698 ecelesia
1573 3641 1719 3718 perpetuo
1733 3635 1883 3710 iaciendo,
1898 3640 1928 3698 ct

515 3731 599 3814 quod
613 3732 651 3796 de
663 3730 726 3796 illis
737 3737 859 3796 centum
873 3733 998 3797 florenis
1012 3739 1153 3798 emantur
1164 3731 1302 3797 redditus
1316 3749 1448 3813 quorum
1462 3733 1572 3797 haberi
1591 3734 1703 3814 peterit
1715 3733 1755 3797 de
1768 3732 1858 3798 dictis
1871 3734 1927 3798 sse·

515 3829 635 3902 rennis;
651 3827 772 3910 etquod
786 3827 923 3892 dediciis
938 3828 1107 3893 redditibus
1121 3827 1250 3893 libretur
1264 3825 1394 3909 singulis
1404 3830 1505 3906 annia,
1521 3829 1573 3912 die
1585 3831 1686 3896 obibus
1698 3830 1758 3906 sui,
1773 3830 1927 3896 cauumcis

515 3932 546 3990 et
558 3925 762 4006 incorporatis
774 3925 852 3990 dicte
863 3923 1001 4003 ecclesie,
1016 3926 1069 4006 qui
1081 3927 1251 3990 intererunt
1260 3924 1292 3987 in
1306 3925 1463 3988 matutinis
1479 3931 1673 3990 mortuorum
1687 3941 1786 4006 usque
1799 3925 1839 3990 ad
1853 3924 1929 4007 psal·

516 4037 603 4086 mum
614 4021 807 4100 Benedictus,
819 4020 947 4088 cuilibet
955 4023 1092 4104 ipserum
1105 4023 1146 4090 VI
1160 4021 1302 4112 denarius
1311 4021 1484 4086 viennensis
1494 4027 1617 4086 menete
1626 4023 1778 4088 currentis
1790 4037 1847 4105 pre
1858 4029 1928 4087 tem

517 4135 602 4201 pure;
616 4125 645 4184 et
654 4118 780 4184 totidem
794 4120 949 4185 canonicis
962 4123 994 4184 et
1005 4117 1277 4201 incorporatis‚qui
1289 4123 1379 4182 erunt
1388 4119 1420 4182 iu
1431 4119 1528 4184 missa
1536 4117 1736 4184 anniversarii
1749 4119 1788 4184 ab
1802 4119 1928 4202 epistola

516 4215 667 4298 usquead
686 4217 791 4282 tinem.
808 4216 897 4294 Quod
911 4215 1038 4298 quidem
1050 4215 1293 4280 anniversarium
1306 4213 1397 4280 debet
1412 4211 1525 4280 librare
1542 4215 1686 4280 deminus
1701 4215 1872 4282 Ludericus
1891 4217 1928 4280 de

515 4313 684 4394 Porpreriis
698 4312 749 4395 (6),
761 4313 926 4378 canonicus
941 4311 1164 4392 Lugdunensis,
1175 4311 1273 4376 denec
1284 4309 1423 4376 redditus
1434 4311 1563 4392 predicti
1576 4311 1692 4377 tuerint
1702 4312 1807 4376 situati
1817 4312 1866 4378 rel
1876 4329 1928 4378 ae-

516 4407 620 4488 quisiti
630 4405 682 4488 (7),
698 4423 776 4488 quus
786 4413 909 4472 centum
921 4407 1052 4472 florenos
1066 4407 1148 4472 idem
1159 4405 1302 4472 deminus
1314 4407 1483 4472 ludovicus
1496 4406 1535 4472 de
1545 4409 1716 4490 Perpreriis
1731 4407 1827 4473 babet
1837 4425 1930 4490 pcnes

548 4615 582 4684 (7)
599 4621 626 4669 V.
637 4622 766 4682 ei-darant,
778 4637 804 4684 p.
818 4625 871 4682 758,
882 4630 937 4670 nete
947 4627 972 4672 t.
1294 4623 1329 4686 (ti)
1345 4624 1378 4674 Ca
1399 4623 1520 4676 Guicbard
1539 4627 1650 4688 d’lllant,
1671 4627 1797 4688 mancine,
1813 4627 1887 4674 viruit
1902 4639 1931 4674 en

548 4699 583 4761 (2)
599 4699 708 4764 Leutilly,
721 4707 807 4750 annun
818 4701 847 4750 de
855 4701 981 4750 l'lrbresle
992 4701 1105 4765 (illudne).
1264 4704 1333 4751 rubr.
1342 4701 1381 4766 (V.
1391 4717 1449 4754 msa.
1462 4704 1491 4765 ll,
1503 4707 1559 4767 etl,
1571 4706 1601 4754 de
1609 4706 1632 4754 la
1643 4707 1758 4756 biblioth.
1767 4707 1797 4754 de
1807 4704 1896 4768 Lyca.)

548 4775 583 4840 (b)
598 4775 686 4827 L'alrbd
699 4779 799 4842 lacques
811 4779 865 4840 cite,
875 4793 900 4842 p.
912 4781 965 4841 199,
975 4793 1007 4828 un
1019 4779 1095 4828 Pence
1107 4779 1181 4844 Mitte,
1294 4781 1329 4845 (d)
1344 4783 1374 4833 V.
1382 4782 1514 4846 ciderunt,
1524 4799 1549 4848 p.
1560 4788 1614 4845 1⁰8,
1625 4791 1682 4834 nete
1693 4789 1719 4834 d.

517 4859 667 4919 prebentem,
685 4855 765 4907 vivent
781 4871 811 4906 eu
828 4860 897 4920 tart,
911 4859 971 4906 mais
979 4857 1022 4920 qul
1030 4871 1059 4906 ne
1067 4867 1125 4920 peut
1133 4861 1183 4908 dtre
1295 4859 1329 4923 (7)
1345 4861 1380 4910 (ie
1390 4863 1433 4926 qui
1450 4863 1499 4911 ruit
1517 4870 1553 4912 eat
1570 4864 1640 4912 dune
1651 4864 1754 4912 teritum
1767 4876 1801 4912 un
1821 4878 1868 4927 peu
1880 4864 1934 4926 plue

517 4935 578 4984 celui
589 4935 619 4984 de
630 4943 700 4986 notre
711 4935 846 4986 obitualre.
1264 4939 1377 4991 rnodcrna
1387 4940 1448 4992 dana
1456 4941 1479 4991 le
1490 4957 1548 4992 mea.
1561 4943 1590 4992 de
1603 4943 1775 4992 l’lrcbertebt.

548 5013 584 5078 (t)
600 5015 727 5077 libamina,
743 5022 829 5064 mutem
841 5015 870 5066 de
881 5016 994 5066 borenna
1008 5015 1120 5092 (illudne).
